=LDR  00725nam  2200253 i 4500
=001  000000376
=003  BIBL
=005  19980818035600.0
=008  771019r19771964miu\\\\\\b\\\\00010\eng\d
=035  9\$a376
=035  \\$a(OCoLC)03354190
=040  \\$aIWA$cIWA
=049  \\$aIWAA
=090  \\$aQA155$bC56x l977
=100  10$aClock, Daniel Arwin.
=245  12$aA new British concept of algebra, 1825-1850 /$cby Daniel Arwin Clock.
=260  0\$c1964
=300  \\$aiii, 186 leaves.
=500  \\$aThesis--University of Wisconsin.
=500  \\$aVita.
=500  \\$aPhotocopy of typescript. Ann Arbor, Mich. : University Microfilms, 1977. -- 22 cm.
=504  \\$aBibliography: leaves 169-186.
=650  \0$aAlgebra$xHistory.
=999  \\$a376

