=LDR  00643nam  2200241 i 4500
=001  000001468
=003  BIBL
=005  19980818042800.0
=008  771108r19601959enk\\\\\\\\\\\00010\eng\d
=035  9\$a1468
=035  \\$a(OCoLC)03402131
=040  \\$aIWA$cIWA
=049  \\$aIWAA
=090  \\$aQD181.S6$bT73x
=100  10$aTrafford, J E
=245  12$aA history of the silicones /$cJ. E. Trafford.
=260  0\$c1959.
=300  \\$aii, 152 leaves :$bill.
=500  \\$aThesis--Merton College.
=500  \\$aBibliography: leaves 138-148.
=500  \\$aPhotocopy of typescript. [s.l. : s.n. 196-?]. -- 28 cm.
=650  \0$aSilicon$xHistory.
=999  \\$a1468

