=LDR  01059cam  2200289 i 4500
=001  000005568
=003  BIBL
=005  20061024164800.0
=008  780106s1974\\\\iau\\\\\\\\\\\00000\eng\d
=035  9\$a5568
=035  \\$a(OCoLC)03536458
=040  \\$aIWA$cIWA
=049  \\$aIWAA
=099  \\$aISU$a1974$aC16
=100  10$aCannata, Robert Frank,$d1944-
=245  10$aSpectral analysis of biological signals using coherent optical techniques /$cby Robert Frank Cannata.
=260  0\$aAmes, Iowa :$b[s.n.],$c1974.
=300  \\$aiii, 191 leaves :$bill. ;$c29 cm.
=500  \\$aThesis--Iowa State University of Science and Technology.
=504  \\$aIncludes bibliography.
=590  \\$aAnother copy in College collection.
=530  \\$aAlso available online.
=690  \\$aElectric engineering
=690  \\$aBiomedical engineering
=856  41$uhttp://proxy.lib.iastate.edu/login?url=http://gateway.proquest.com/openurl?url_ver=Z39.88-2004&rft_val_fmt=info:ofi/fmt:kev:mtx:dissertation&res_dat=xri:pqdiss&rft_dat=xri:pqdiss:7510468
=999  \\$a5568
=902  \\$axyz

