=LDR  00623nam  2200241 i 4500
=001  000006237
=003  BIBL
=005  19980818065500.0
=008  780116s1977\\\\iau\\\\\\\\\\\00000\eng\d
=035  9\$a6237
=035  \\$a(OCoLC)03561614
=040  \\$aIWA$cIWA
=049  \\$aIWAA
=099  \\$aISU$a1977$aL144
=100  10$aLaing, Joan.
=245  10$aParalanguage as a counseling variable /$cby Joan Laing.
=260  0\$c1977
=300  \\$a41 leaves ;$c29 cm.
=500  \\$aThesis (M.S.)--Iowa State University of Science and Technology.
=504  \\$aIncludes bibliography.
=690  \\$aPsychology
=999  \\$a6237
=902  \\$axyz

