=LDR  00817nam  2200253 i 4500
=001  000006335
=003  BIBL
=005  19980818065800.0
=008  780117s1977\\\\iau\\\\\\\\\\\00000\eng\d
=035  9\$a6335
=035  \\$a(OCoLC)03563962
=040  \\$aIWA$cIWA
=049  \\$aIWAA
=099  \\$aISU$a1977$aG956
=100  10$aGunion, Mark William.
=245  10$aEffects of ventral hypothalamic damage on food intakes and body weights of rats fed a quinine adulterated high fat maintenance diet /$cby Mark Willliam Gunion.
=260  0\$c1977.
=300  \\$a93 leaves :$c29 cm.
=500  \\$aThesis (M.S.)--Iowa State University of Science and Technology.
=502  \\$aThesis (M.S.)--Iowa State University of Science and Technology.
=504  \\$aIncludes bibliography.
=690  \\$aPsychology
=999  \\$a6335
=902  \\$axyz

