=LDR  00681cam  2200241 i 4500
=001  000006761
=003  BIBL
=005  20000425104200.0
=008  780120s1977\\\\iaua\\\\\\\\\\00000\eng\d
=035  9\$a6761
=035  \\$a(OCoLC)03573151
=040  \\$aIWA$cIWA
=049  \\$aIWAA
=099  \\$aISU$a1977$aT591
=100  10$aTomaselli, Robert Paul.
=245  10$aRelationship of chemotaxis to colonial migration of Bacillus alvei.
=260  0\$aAmes, Iowa :$b[s.n.],$c1977.
=300  \\$a53 leaves :$bill. ;$c29 cm.
=500  \\$aThesis (M.S.)--Iowa State University of Science and Technology.
=504  \\$aIncludes bibliography.
=690  \\$aBacteriology.
=999  \\$a6761
=902  \\$axyz

