=LDR  00700cam  2200241 i 4500
=001  000006765
=003  BIBL
=005  20000425104400.0
=008  780120s1977\\\\iaua\\\\\\\\\\00000\eng\d
=035  9\$a6765
=035  \\$a(OCoLC)03573172
=040  \\$aIWA$cIWA
=049  \\$aIWAA$c1$aIWAE$c2
=099  \\$aISU$a1977$aEL24
=100  00$aEldridge, Charles Lane.
=245  14$aThe potential for improved transportation of raw and beneficiated coal in Iowa.
=260  0\$aAmes, Iowa :$b[s.n.],$c1977
=300  \\$a87 leaves :$bill. ;$c29 cm.
=500  \\$aThesis (M.S.)--Iowa State University of Science and Technology.
=504  \\$aIncludes bibliography.
=690  \\$aEconomics
=999  \\$a6765
=902  \\$axyz

