=LDR  00988nam  2200265 i 4500
=001  000007166
=003  BIBL
=005  20061010150000.0
=008  780126s1977\\\\iaua\\\\\\\\\\00000\eng\d
=035  9\$a7166
=035  \\$a(OCoLC)03583408
=040  \\$aIWA$cIWA
=049  \\$aIWAA$c1$aIWAE$c2
=099  \\$aISU$a1977$aG589
=100  00$aGonzalez-Mendez, Hector Eduardo,$d1947-
=245  10$aGrain marketing gains in Iowa and the use of price forecasting models--a Bayesian decision approach /$cby Hector Eduardo Gonzalez-Mendez.
=260  0\$c1977.
=300  \\$a225 leaves :$bill. ;$c29 cm.
=530  \\$aAlso available online.
=500  \\$aThesis--Iowa State University of Science and Technology.
=504  \\$aIncludes bibliography.
=690  \\$aEconomics
=856  41$uhttp://proxy.lib.iastate.edu/login?url=http://gateway.proquest.com/openurl?url_ver=Z39.88-2004&rft_val_fmt=info:ofi/fmt:kev:mtx:dissertation&res_dat=xri:pqdiss&rft_dat=xri:pqdiss:7805950
=999  \\$a7166
=902  \\$axyz

