=LDR  00894nam  2200265 i 4500
=001  000007185
=003  BIBL
=005  20061012144800.0
=008  780126s1977\\\\iaua\\\\\\\\\\00000\eng\d
=035  9\$a7185
=035  \\$a(OCoLC)03583801
=040  \\$aIWA$cIWA
=049  \\$aIWAA
=099  \\$aISU$a1977$aZ41
=100  10$aZemke, Ruth Ann Bast.
=245  10$aAsymmetrical tonic neck reflex in children /$cRuth Ann Bast Zemke.
=260  0\$c1977.
=300  \\$a107 leaves :$bill. ;$c29 cm.
=530  \\$aAlso available online.
=500  \\$aThesis--Iowa State University of Science and Technology.
=504  \\$aIncludes bibliography.
=690  \\$aChild development
=856  41$uhttp://proxy.lib.iastate.edu/login?url=http://gateway.proquest.com/openurl?url_ver=Z39.88-2004&rft_val_fmt=info:ofi/fmt:kev:mtx:dissertation&res_dat=xri:pqdiss&rft_dat=xri:pqdiss:7805979
=999  \\$a7185
=902  \\$axyz

