=LDR  00701cam  2200241 i 4500
=001  000007193
=003  BIBL
=005  20000425104400.0
=008  780126s1977\\\\iaua\\\\\\\\\\00000\eng\d
=035  9\$a7193
=035  \\$a(OCoLC)03583849
=040  \\$aIWA$cIWA
=049  \\$aIWAA
=099  \\$aISU$a1977$aM215
=100  10$aMcKinley, Bruce Alan.
=245  12$aA method for determination of mean skin temperature using infrared thermography.
=260  0\$aAmes, Iowa :$b[s.n.],$c1977.
=300  \\$a84 leaves :$bill. ;$c29 cm.
=500  \\$aThesis (M.S.)--Iowa State University of Science and Technology.
=504  \\$aIncludes bibliography.
=690  \\$aBiomedical engineering
=999  \\$a7193
=902  \\$axyz

