=LDR  00732nam  2200253   4500
=001  000007918
=003  BIBL
=005  19980818074000.0
=008  761021s1929\\\\enk\\\\\\b\\\\00010beng\\
=010  \\$a29028696
=035  9\$a7918
=035  \\$a(OCoLC)02518280
=040  \\$aDLC$cYBM$dIWA
=049  \\$aIWAA
=050  0\$aLB575.K6$bR6
=100  10$aRose, William J.$q(William John),$d1885-1968
=245  10$aStanislas Konarski, reformer of education in XVIIIth century Poland$cby William J. Rose.
=260  0\$aLondon,$bJ. Cape$c[1929]
=300  \\$a288 p.$c20 cm.
=500  \\$aThesis--Krakow.
=504  \\$aBibliography: p. 279-283.
=600  10$aKonarski, Stanisław,$d1700-1773.
=650  \0$aEducation$zPoland$xHistory.
=999  \\$a7918

