=LDR  00980cam  2200265 i 4500
=001  000008283
=003  BIBL
=005  20061012133200.0
=008  780209s1977\\\\iaua\\\\\\\\\\00000\eng\d
=035  9\$a8283
=035  \\$a(OCoLC)03622173
=040  \\$aIWA$cIWA
=049  \\$aIWAA
=099  \\$aISU$a1977$aV2341
=100  10$aValenta, Harry Lawrence.
=245  10$aCorrelation of canine electroencephalographic activity during surgical anesthesia /$cby Harry Lawrence Valenta, Jr.
=260  0\$aAmes, Iowa :$b[s.n.],$c1977.
=300  \\$aii, 145 leaves :$bill. ;$c29 cm.
=530  \\$aAlso available online.
=500  \\$aThesis--Iowa State University of Science and Technology.
=504  \\$aIncludes bibliography.
=690  \\$aBiomedical engineering
=856  41$uhttp://proxy.lib.iastate.edu/login?url=http://gateway.proquest.com/openurl?url_ver=Z39.88-2004&rft_val_fmt=info:ofi/fmt:kev:mtx:dissertation&res_dat=xri:pqdiss&rft_dat=xri:pqdiss:7729875
=999  \\$a8283
=902  \\$axyz

