=LDR  00911nam  2200301 i 4500
=001  000008348
=003  BIBL
=005  19980818075200.0
=008  770210s1974\\\\ii\abf\\\b\\\\00110\eng\\
=010  \\$a76903148
=020  \\$cRs20.00
=035  9\$a8348
=035  \\$a(OCoLC)02818956
=040  \\$aDLC$cDLC$dIWA
=043  \\$aa-ii---
=049  \\$aIWAA
=050  0\$aQK545.I4$bS64
=082  \\$a588/.2/09548
=100  10$aSrinivasan, Comaraswamy,$d1920-
=245  10$aStudies in the mosses of South India /$cC. Srinivasan.
=250  \\$a1st ed.
=260  0\$aAnnamalainagar :$bAnnamalai University,$c1974.
=300  \\$aiv, 165 p., [43] leaves of plates :$bill., map ;$c23 cm.
=500  \\$a"Thesis submitted to the Annamalai University by the author for the degree of Ph.D. in 1962."
=500  \\$aIncludes index.
=504  \\$aBibliography: p. 153-165.
=650  \0$aMosses$zIndia$xSouth India.
=999  \\$a8348

