=LDR  01122nam  2200289 i 4500
=001  000008402
=003  BIBL
=005  20061012145200.0
=008  780210s1978\\\\iaua\\\\\\\\\\00000\eng\d
=035  9\$a8402
=035  \\$a(OCoLC)03625377
=040  \\$aIWA$cIWA
=049  \\$aIWAA
=099  \\$aISU$a1978$aB439
=100  00$aBennett, Carl Robert,$d1937-
=245  12$aA developed and field-tested experiment to test the effect of increased student feedback on specific teacher performance behaviors /$cby Carl Robert Bennett.
=260  0\$c1978.
=300  \\$a99 leaves. :$bill. ;$c29 cm.
=530  \\$aAlso available online.
=500  \\$aThesis--Iowa State University of Science of Technology.
=502  \\$aThesis--Iowa State University of Science and Technology.
=504  \\$aIncludes bibliography.
=590  \\$aTypescript (Photocopy).
=650  \0$aSchool management and organization
=856  41$uhttp://proxy.lib.iastate.edu/login?url=http://gateway.proquest.com/openurl?url_ver=Z39.88-2004&rft_val_fmt=info:ofi/fmt:kev:mtx:dissertation&res_dat=xri:pqdiss&rft_dat=xri:pqdiss:7813219
=999  \\$a8402
=902  \\$axyz

