=LDR  00999nam  2200265 i 4500
=001  000008415
=003  BIBL
=005  20061013153500.0
=008  780210s1978\\\\iaua\\\\\\\\\\00000\eng\d
=035  9\$a8415
=035  \\$a(OCoLC)03625496
=040  \\$aIWA$cIWA
=049  \\$aIWAA
=099  \\$aISU$a1978$aH856
=100  10$aHoyt, Richard Conrad.
=245  10$aPrecipitation kinetics of a continuous precipitator, with application to the precipitation of ammonium polyuranate /$cby Richard Conrad Hoyt.
=260  0\$c1978.
=300  \\$a147 leaves. :$bill. ;$c29 cm.
=530  \\$aAlso available online.
=500  \\$aThesis--Iowa State University of Science and Technology.
=504  \\$aIncludes bibliography.
=690  \\$aChemical engineering and nuclear engineering.
=856  41$uhttp://proxy.lib.iastate.edu/login?url=http://gateway.proquest.com/openurl?url_ver=Z39.88-2004&rft_val_fmt=info:ofi/fmt:kev:mtx:dissertation&res_dat=xri:pqdiss&rft_dat=xri:pqdiss:7813232
=999  \\$a8415
=902  \\$axyz

