=LDR  00916cam  2200265 i 4500
=001  000008417
=003  BIBL
=005  20061012135600.0
=008  780210s1977\\\\iaua\\\\\\\\\\00000\eng\d
=035  9\$a8417
=035  \\$a(OCoLC)03625518
=040  \\$aIWA$cIWA
=049  \\$aIWAA
=099  \\$aISU$a1977$aT57
=100  10$aToenjes, Carol Martha.
=245  10$aInvestigation of cluster analysis as a grouping procedure for MMPI.
=260  0\$aAmes, Iowa :$b[s.n.],$c1977.
=300  \\$aii, 104 leaves. :$bill. ;$c29 cm.
=530  \\$aAlso available online.
=500  \\$aThesis--Iowa State University of Science of Technology.
=504  \\$aIncludes bibliography.
=690  \\$aPsychology
=856  41$uhttp://proxy.lib.iastate.edu/login?url=http://gateway.proquest.com/openurl?url_ver=Z39.88-2004&rft_val_fmt=info:ofi/fmt:kev:mtx:dissertation&res_dat=xri:pqdiss&rft_dat=xri:pqdiss:7805973
=999  \\$a8417
=902  \\$axyz

