=LDR  00710cam  2200241 i 4500
=001  000008419
=003  BIBL
=005  20000426080700.0
=008  780210s1978\\\\iaua\\\\\\\\\\00000\eng\d
=035  9\$a8419
=035  \\$a(OCoLC)03625567
=040  \\$aIWA$cIWA
=049  \\$aIWAA$c1$aIWAE$c2
=099  \\$aISU$a1978$aM6152
=100  00$aMiller, Katherine Sewall.
=245  12$aA risk-programming analysis of alternative coordination arrangements in beef packing.
=260  0\$aAmes, Iowa :$b[s.n.],$c1978.
=300  \\$a91 leaves. :$bill. ;$c29 cm.
=500  \\$aThesis (M.S.)--Iowa State University of Science of Technology.
=504  \\$aIncludes bibliography.
=690  \\$aEconomics
=999  \\$a8419
=902  \\$axyz

