=LDR  00923cam  2200265 i 4500
=001  000008501
=003  BIBL
=005  20061012135700.0
=008  780213s1977\\\\iaua\\\\\\\\\\00000\eng\d
=035  9\$a8501
=035  \\$a(OCoLC)03634261
=040  \\$aIWA$cIWA
=049  \\$aIWAA
=099  \\$aISU$a1977$aT782
=100  10$aTsang, Tsun-Wah Edmund,$d1948-
=245  10$aLow temperature heat capacity of scandium and alloys of scandium.
=260  0\$aAmes, Iowa :$b[s.n.],$c1977.
=300  \\$aii, 138 leaves :$bill. ;$c29 cm.
=530  \\$aAlso available online.
=500  \\$aThesis--Iowa State University of Science and Technology.
=504  \\$aIncludes bibliography.
=690  \\$aMetallurgy
=856  41$uhttp://proxy.lib.iastate.edu/login?url=http://gateway.proquest.com/openurl?url_ver=Z39.88-2004&rft_val_fmt=info:ofi/fmt:kev:mtx:dissertation&res_dat=xri:pqdiss&rft_dat=xri:pqdiss:7805974
=999  \\$a8501
=902  \\$axyz

