=LDR  00704cam  2200241 i 4500
=001  000008509
=003  BIBL
=005  20000426141900.0
=008  780213s1978\\\\iaua\\\\\\\\\\00000\eng\d
=035  9\$a8509
=035  \\$a(OCoLC)03634400
=040  \\$aIWA$cIWA
=049  \\$aIWAA
=099  \\$aISU$a1978$aW184
=100  10$aWang, Simon Cheng-Ping.
=245  10$aNeutron irradiation effects on the mechanical properties of thorium and thorium-carbon alloy.
=260  0\$aAmes, Iowa :$b[s.n.],$c1978.
=300  \\$a67 leaves :$bill. ;$c29 cm.
=500  \\$aThesis (M.S.)--Iowa State University of Science and Technology.
=504  \\$aIncludes bibliography.
=690  \\$aMetallurgy
=999  \\$a8509
=902  \\$axyz

