=LDR  00728cam  2200241 i 4500
=001  000008511
=003  BIBL
=005  20000426083000.0
=008  780213s1978\\\\iaua\\\\\\\\\\00000\eng\d
=035  9\$a8511
=035  \\$a(OCoLC)03634406
=040  \\$aIWA$cIWA
=049  \\$aIWAA
=099  \\$aISU$a1978$aP466
=100  00$aPeyton, Laurie Burr.
=245  10$aEffects of hot-holding time on beef patties for a satellite school foodservice system.
=260  0\$aAmes, Iowa :$b[s.n.],$c1978.
=300  \\$a87 leaves :$bill. ;$c29 cm.
=500  \\$aThesis (M.S.)--Iowa State University of Science and Technology.
=504  \\$aIncludes bibliography.
=690  \\$aAssociations, institutions, etc.$xManagement
=999  \\$a8511
=902  \\$axyz

