=LDR  00716cam  2200241 i 4500
=001  000008512
=003  BIBL
=005  20000426082000.0
=008  780213s1978\\\\iaua\\\\\\\\\\00000\eng\d
=035  9\$a8512
=035  \\$a(OCoLC)03634427
=040  \\$aIWA$cIWA
=049  \\$aIWAA
=099  \\$aISU$a1978$aN332
=100  10$aNelson, Eric Donald.
=245  10$aInvestigation of a purified heterologous collagen prosthesis for use in reconstructive surgery.
=260  0\$aAmes, Iowa :$b[s.n.],$c1978.
=300  \\$a137 leaves :$bill. ;$c29 cm.
=500  \\$aThesis (M.S.)--Iowa State University of Science and Technology.
=504  \\$aIncludes bibliography.
=690  \\$aBiomedical engineering
=999  \\$a8512
=902  \\$axyz

