=LDR  00684cam  2200241 i 4500
=001  000009868
=003  BIBL
=005  20000426085400.0
=008  780228s1978\\\\iaua\\\\\\\\\\00000\eng\d
=035  9\$a9868
=035  \\$a(OCoLC)03677430
=040  \\$aIWA$cIWA
=049  \\$aIWAA
=099  \\$aISU$a1978$aSm54
=100  10$aSmith, David Llewellyn Owen.
=245  12$aA laboratory evaluation of the Sewage Osmosis concept.
=260  0\$aAmes, Iowa :$b[s.n.],$c1978.
=300  \\$a52 leaves :$bill. ;$c29 cm.
=500  \\$aThesis (M.S.)--Iowa State University of Science and Technology.
=504  \\$aIncludes bibliography.
=690  \\$aAgricultural engineering
=999  \\$a9868
=902  \\$axyz

