=LDR  00868nam  2200253 i 4500
=001  000010041
=003  BIBL
=005  19980818083700.0
=008  780302s1978\\\\iaua\\\\\\\\\\00000\eng\d
=035  9\$a10041
=035  \\$a(OCoLC)03682621
=040  \\$aIWA$cIWA
=049  \\$aIWAA
=099  \\$aISU$a1978$aSu69
=100  00$aSummy, Kenneth Dan.
=245  12$aA study to determine the effect of students' in-school viewing of television news programs on their expressed interest in selected current events topics /$cby Kenneth Dan Summy.
=260  0\$c1978.
=300  \\$a182 leaves :$bill. ;$c29 cm.
=500  \\$aThesis (M.S.)--Iowa State University of Science and Technology.
=502  \\$aThesis (M.S.)--Iowa State University of Science and Technology.
=504  \\$aIncludes bibliography.
=690  \\$aJournalism and mass communication.
=999  \\$a10041
=902  \\$axyz

