=LDR  00734cam  2200241 i 4500
=001  000010726
=003  BIBL
=005  20000426141600.0
=008  780309s1978\\\\iaua\\\\\\\\\\00000\eng\d
=035  9\$a10726
=035  \\$a(OCoLC)03700469
=040  \\$aIWA$cIWA
=049  \\$aIWAA
=099  \\$aISU$a1978$aV196
=100  00$aVaithianathan, Muthuraj.
=245  10$aApplication of technological forecasting methodologies to predict future irrigated acreage in western Iowa.
=260  0\$aAmes, Iowa :$b[s.n.],$c1978.
=300  \\$a170 leaves :$bill. ;$c29 cm.
=500  \\$aThesis (M.S.)--Iowa State University of Science and Technology.
=504  \\$aIncludes bibliography.
=690  \\$aIndustrial engineering
=999  \\$a10726
=902  \\$axyz

