=LDR  00667cam  2200241 i 4500
=001  000010727
=003  BIBL
=005  20000426073300.0
=008  780309s1978\\\\iaua\\\\\\\\\\00000\eng\d
=035  9\$a10727
=035  \\$a(OCoLC)03700477
=040  \\$aIWA$cIWA
=049  \\$aIWAA
=099  \\$aISU$a1978$aM178
=100  10$aMcGrail, Thomas Wayne.
=245  10$aHeat transfer across the placenta in sheep.
=260  0\$aAmes, Iowa :$b[s.n.],$c1978.
=300  \\$a52 leaves :$bill. ;$c29 cm.
=500  \\$aThesis (M.S.)--Iowa State University of Science and Technology.
=504  \\$aIncludes bibliography.
=690  \\$aBiomedical engineering
=999  \\$a10727
=902  \\$axyz

