=LDR  00958cam  2200265 i 4500
=001  000010733
=003  BIBL
=005  20061013154400.0
=008  780309s1978\\\\iaua\\\\\\\\\\00000\eng\d
=035  9\$a10733
=035  \\$a(OCoLC)03700622
=040  \\$aIWA$cIWA
=049  \\$aIWAA
=099  \\$aISU$a1978$aW496
=100  10$aWernimont, Melvin James.
=245  10$aSex differences in effects of similarity disclosure and style of interaction on psychotherapeutic attraction.
=260  0\$aAmes, Iowa :$b[s.n.],$c1978.
=300  \\$a96 leaves :$bill. ;$c29 cm.
=530  \\$aAlso available online.
=500  \\$aThesis--Iowa State University of Science and Technology.
=504  \\$aIncludes bibliography.
=690  \\$aPsychology
=856  41$uhttp://proxy.lib.iastate.edu/login?url=http://gateway.proquest.com/openurl?url_ver=Z39.88-2004&rft_val_fmt=info:ofi/fmt:kev:mtx:dissertation&res_dat=xri:pqdiss&rft_dat=xri:pqdiss:7813249
=999  \\$a10733
=902  \\$axyz

