=LDR  00915cam  2200265 i 4500
=001  000011141
=003  BIBL
=005  20061013154100.0
=008  780315s1978\\\\iaua\\\\\\\\\\00000\eng\d
=035  9\$a11141
=035  \\$a(OCoLC)03721071
=040  \\$aIWA$cIWA
=049  \\$aIWAA
=099  \\$aISU$a1978$aR94
=100  10$aRussell, Steve Forrest.
=245  10$aSpectral analysis methods for noisy sampled-data systems.
=260  0\$aAmes, Iowa :$b[s.n.],$c1978.
=300  \\$a486 leaves :$bill. ;$c29 cm.
=530  \\$aAlso available online.
=500  \\$aThesis--Iowa State University of Science and Technology.
=504  \\$aIncludes bibliography.
=690  \\$aElectric engineering
=856  41$uhttp://proxy.lib.iastate.edu/login?url=http://gateway.proquest.com/openurl?url_ver=Z39.88-2004&rft_val_fmt=info:ofi/fmt:kev:mtx:dissertation&res_dat=xri:pqdiss&rft_dat=xri:pqdiss:7813242
=999  \\$a11141
=902  \\$axyz

