=LDR  00723nam  2200241 i 4500
=001  000013938
=003  BIBL
=005  19980818102200.0
=008  780417s1978\\\\iaua\\\\\\\\\\00000\eng\d
=035  9\$a13938
=035  \\$a(OCoLC)03806758
=040  \\$aIWA$cIWA
=049  \\$aIWAA
=099  \\$aISU$a1978$aC547
=100  10$aClark, Leon.
=245  14$aThe simultaneous determination of minor and trace elements in coal using instrumental neutron activation analysis /$cby Leon Clark, Jr.
=260  0\$c1978.
=300  \\$a46 leaves :$bill. ;$c29 cm.
=500  \\$aThesis (M.S.)--Iowa State University of Science and Technology.
=504  \\$aIncludes bibliography.
=650  \0$aChemistry, Analytic
=999  \\$a13938
=902  \\$axyz

