=LDR  00903cam  2200265 i 4500
=001  000014018
=003  BIBL
=005  20061017151100.0
=008  780418s1978\\\\iaua\\\\\\\\\\00000\eng\d
=035  9\$a14018
=035  \\$a(OCoLC)03808953
=040  \\$aIWA$cIWA
=049  \\$aIWAA
=099  \\$aISU$a1978$aT79
=100  10$aTu, Ching-tsao.
=245  10$aDiscriminant analysis based on binary and continuous variables.
=260  0\$aAmes, Iowa :$b[s.n.],$c1978.
=300  \\$a220 leaves :$bill. ;$c29 cm.
=530  \\$aAlso available online.
=500  \\$aThesis--Iowa State University of Science and Technology.
=504  \\$aIncludes bibliography.
=690  \\$aStatistics
=856  41$uhttp://proxy.lib.iastate.edu/login?url=http://gateway.proquest.com/openurl?url_ver=Z39.88-2004&rft_val_fmt=info:ofi/fmt:kev:mtx:dissertation&res_dat=xri:pqdiss&rft_dat=xri:pqdiss:7907294
=999  \\$a14018
=902  \\$axyz

