=LDR  00712cam  2200241 i 4500
=001  000016965
=003  BIBL
=005  20000426082800.0
=008  780518s1978\\\\iaua\\\\\\\\\\00000\eng\d
=035  9\$a16965
=035  \\$a(OCoLC)03905588
=040  \\$aIWA$cIWA
=049  \\$aIWAA
=099  \\$aISU$a1978$aOp3
=100  00$aOpila, Raymond E .
=245  10$aMinimum load requirements for economic residential total energy system in northern climates.
=260  0\$aAmes, Iowa :$b[s.n.],$c1978.
=300  \\$a113 leaves. :$bill. ;$c29 cm.
=500  \\$aThesis (M.S.)--Iowa State University of Science of Technology.
=504  \\$aIncludes bibliography.
=690  \\$aMechanical engineering
=999  \\$a16965
=902  \\$axyz

