=LDR  00832nam  2200253 i 4500
=001  000016966
=003  BIBL
=005  19980818114300.0
=008  780518s1978\\\\iaua\\\\\\\\\\00000\eng\d
=035  9\$a16966
=035  \\$a(OCoLC)03905607
=040  \\$aIWA$cIWA
=049  \\$aIWAA$c1$aIWAE$c2
=099  \\$aISU$a1978$aV711
=100  20$aVilla de Marquez, Belkis Coromoto.
=245  10$aLinear programming analysis of potential growth of a northeast Iowa farm business /$cby Belkis Coromoto Villa de Marquez.
=260  0\$c1978.
=300  \\$a84 leaves :$bill. ;$c29 cm.
=500  \\$aThesis (M.S.)--Iowa State University of Science of Technology.
=502  \\$aThesis (M.S.)--Iowa State University of Science and Technology.
=504  \\$aIncludes bibliography.
=650  \0$aAgriculture$xEconomic aspects
=999  \\$a16966
=902  \\$axyz

