=LDR  00672cam  2200241 i 4500
=001  000016975
=003  BIBL
=005  20000426141100.0
=008  780518s1978\\\\iaua\\\\\\\\\\00000\eng\d
=035  9\$a16975
=035  \\$a(OCoLC)03905761
=040  \\$aIWA$cIWA
=049  \\$aIWAA
=099  \\$aISU$a1978$aSt78
=100  10$aStowe, Lawrence Roy.
=245  12$aA review and analysis of muscle and muscle systems.
=260  0\$aAmes, Iowa :$b[s.n.],$c1978.
=300  \\$a40 leaves :$bill. ;$c29 cm.
=500  \\$aThesis (M.S.)--Iowa State University of Science of Technology.
=504  \\$aIncludes bibliography.
=690  \\$aBiomedical engineering
=999  \\$a16975
=902  \\$axyz

