=LDR  00691cam  2200241 i 4500
=001  000016978
=003  BIBL
=005  20000426141700.0
=008  780518s1978\\\\iaua\\\\\\\\\\00000\eng\d
=035  9\$a16978
=035  \\$a(OCoLC)03905798
=040  \\$aIWA$cIWA
=049  \\$aIWAA$c1$aIWAE$c2
=099  \\$aISU$a1978$aV236
=100  00$aValera, Gilbert R.
=245  12$aA comparison between unweighted and weighted regression for forecasting.
=260  0\$aAmes, Iowa :$b[s.n.],$c1978.
=300  \\$a129 leaves :$bill. ;$c29 cm.
=500  \\$aThesis (M.S.)--Iowa State University of Science of Technology.
=504  \\$aIncludes bibliography.
=690  \\$aEconomics
=999  \\$a16978
=902  \\$axyz

