=LDR  00709cam  2200241 i 4500
=001  000016980
=003  BIBL
=005  20000426083100.0
=008  780518s1978\\\\iaua\\\\\\\\\\00000\eng\d
=035  9\$a16980
=035  \\$a(OCoLC)03905861
=040  \\$aIWA$cIWA
=049  \\$aIWAA
=099  \\$aISU$a1978$aR145
=100  10$aRamirez, Luis Angel.
=245  10$aMachinery selection for forage and mixed crop production in a humid tropical climate.
=260  0\$aAmes, Iowa :$b[s.n.],$c1978.
=300  \\$a135 leaves :$bill. ;$c29 cm.
=500  \\$aThesis (M.S.)--Iowa State University of Science of Technology.
=504  \\$aIncludes bibliography.
=690  \\$aAgricultural engineering
=999  \\$a16980
=902  \\$axyz

