=LDR  00680cam  2200241 i 4500
=001  000016982
=003  BIBL
=005  20000426080600.0
=008  780518s1978\\\\iaua\\\\\\\\\\00000\eng\d
=035  9\$a16982
=035  \\$a(OCoLC)03905887
=040  \\$aIWA$cIWA
=049  \\$aIWAA
=099  \\$aISU$a1978$aM413
=100  10$aMatchett, Arnett.
=245  10$aCharacterization of a bovine synovial cell line for vaccine production.
=260  0\$aAmes, Iowa :$b[s.n.],$c1978.
=300  \\$a62 leaves :$bill. ;$c29 cm.
=500  \\$aThesis (M.S.)--Iowa State University of Science of Technology.
=504  \\$aIncludes bibliography.
=690  \\$aBacteriology.
=999  \\$a16982
=902  \\$axyz

