=LDR  00797cam  2200241 i 4500
=001  000017418
=003  BIBL
=005  20000426141800.0
=008  780523s1978\\\\iaua\\\\\\\\\\00000\eng\d
=035  9\$a17418
=035  \\$a(OCoLC)03919411
=040  \\$aIWA$cIWA
=049  \\$aIWAA
=099  \\$aISU$a1978$aV866
=100  10$aVogelzang, Steven Keith.
=245  10$aPerceptions of selected groups toward the importance of including mathematics instruction as a part of high school curricula and vocational agriculture programs of study.
=260  0\$aAmes, Iowa :$b[s.n.],$c1978.
=300  \\$a111 leaves :$bill. ;$c29 cm.
=500  \\$aThesis (M.S.)--Iowa State University of Science and Technology.
=504  \\$aIncludes bibliography.
=690  \\$aAgricultural education
=999  \\$a17418
=902  \\$axyz

