=LDR  00758cam  2200241 i 4500
=001  000017460
=003  BIBL
=005  20000426135900.0
=008  780523s1978\\\\iaua\\\\\\\\\\00000\eng\d
=035  9\$a17460
=035  \\$a(OCoLC)03920012
=040  \\$aIWA$cIWA
=049  \\$aIWAA
=099  \\$aISU$a1978$aSt56
=100  00$aSteinbach, Martha Pauline.
=245  10$aEffects of hot-holding time on sensory quality of creamed chicken for a satellite school foodservice system.
=260  0\$aAmes, Iowa :$b[s.n.],$c1978.
=300  \\$a63 leaves :$bill. ;$c29 cm.
=500  \\$aThesis (M.S.)--Iowa State University of Science and Technology.
=504  \\$aIncludes bibliography.
=690  \\$aAssociations, institutions, etc.$xManagement
=999  \\$a17460
=902  \\$axyz

