=LDR  00959cam  2200265 i 4500
=001  000017462
=003  BIBL
=005  20061012150200.0
=008  780523s1978\\\\iaua\\\\\\\\\\00000\eng\d
=035  9\$a17462
=035  \\$a(OCoLC)03920028
=040  \\$aIWA$cIWA
=049  \\$aIWAA$c1$aIWAE$c2
=099  \\$aISU$a1978$aR815
=100  00$aRoyer, Jeffrey Scott,$d1951-
=245  12$aA general nonlinear programming model of a producers cooperative association in the short-run.
=260  0\$aAmes, Iowa :$b[s.n.],$c1978.
=300  \\$a167 leaves :$bill. ;$c29 cm.
=530  \\$aAlso available online.
=500  \\$aThesis--Iowa State University of Science and Technology.
=504  \\$aIncludes bibliography.
=690  \\$aEconomics
=856  41$uhttp://proxy.lib.iastate.edu/login?url=http://gateway.proquest.com/openurl?url_ver=Z39.88-2004&rft_val_fmt=info:ofi/fmt:kev:mtx:dissertation&res_dat=xri:pqdiss&rft_dat=xri:pqdiss:7900208
=999  \\$a17462
=902  \\$axyz

