=LDR  00724cam  2200241 i 4500
=001  000017469
=003  BIBL
=005  20000426084000.0
=008  780523s1978\\\\iaua\\\\\\\\\\00000\eng\d
=035  9\$a17469
=035  \\$a(OCoLC)03920284
=040  \\$aIWA$cIWA
=049  \\$aIWAA
=099  \\$aISU$a1978$aSch25
=100  00$aScheidecker, Ralph William.
=245  10$aSelf-diffusion of Er and Hf in pure and HfO−b2−s-doped polycrystalline Er−b2−sO−b3−s.
=260  0\$aAmes, Iowa :$b[s.n.],$c1978.
=300  \\$a107 leaves :$bill. ;$c29 cm.
=500  \\$aThesis (M.S.)--Iowa State University of Science of Technology.
=504  \\$aIncludes bibliography.
=690  \\$aCeramic engineering
=999  \\$a17469
=902  \\$axyz

