=LDR  00732nam  2200253 i 4500
=001  000018984
=003  BIBL
=005  19980818123800.0
=008  780607s1978\\\\iaua\\\\\\\\\\00000\eng\d
=035  9\$a18984
=035  \\$a(OCoLC)03957028
=040  \\$aIWA$cIWA
=049  \\$aIWAA
=099  \\$aISU$a1978$aT182
=100  00$aTasker, Henry Adebayo.
=245  10$aApplication of the pitot rake concept to multiple ducts.
=260  0\$aAmes, Iowa :$b[s.n.],$c1978.
=300  \\$a90 leaves :$bill. ;$c29 cm.
=500  \\$aThesis (M.S.)--Iowa State University of Science and Technology.
=504  \\$aIncludes bibliography.
=590  \\$aAnother copy in College collection.
=690  \\$aMechanical engineering
=999  \\$a18984
=902  \\$axyz

