=LDR  00889cam  2200265 i 4500
=001  000018989
=003  BIBL
=005  20061013140300.0
=008  780607s1978\\\\iau\\\\\\\\\\\00000\eng\d
=035  9\$a18989
=035  \\$a(OCoLC)03957044
=040  \\$aIWA$cIWA
=049  \\$aIWAA$c1$aIWAE$c2
=099  \\$aISU$a1978$aV198
=100  00$aVaitheswaran, Ramakrishna.
=245  10$aEconomic ethics of Henry Sidgwick.
=260  0\$aAmes, Iowa :$b[s.n.],$c1978.
=300  \\$a231 leaves ;$c29 cm.
=530  \\$aAlso available online.
=500  \\$aThesis--Iowa State University of Science and Technology.
=504  \\$aIncludes bibliography.
=690  \\$aEconomics
=856  41$uhttp://proxy.lib.iastate.edu/login?url=http://gateway.proquest.com/openurl?url_ver=Z39.88-2004&rft_val_fmt=info:ofi/fmt:kev:mtx:dissertation&res_dat=xri:pqdiss&rft_dat=xri:pqdiss:7907296
=999  \\$a18989
=902  \\$axyz

