=LDR  00907nam  2200313   4500
=001  000019727
=003  BIBL
=005  19980818125800.0
=008  751208s1948\\\\maub\\\\\\\\\\00000\eng\\
=010  \\$a48008011 *
=035  9\$a19727
=035  \\$a(OCoLC)01879509
=040  \\$aDLC$cFQG$dIWA
=049  \\$aIWAA
=050  0\$aHE3390.B2$bC45
=082  \\$a385
=100  10$aChapman, Maybelle Rebecca (Kennedy)
=245  00$aGreat Britain and the Bagdad Railway, 1888-1914.
=260  0\$aNorthampton, Mass.,$c1948.
=300  \\$ax, 248 p.$bFold. maps.$c24 cm.
=440  \0$aSmith College studies in history.$vv. 31
=500  \\$aThesis--Yale Univ.
=500  \\$aVita.
=504  \\$a"Bibliographical note": p. 215-234.
=610  20$aBagdad Railroad.
=650  \0$aEastern question
=651  \0$aGreat Britain$xForeign relations$zTurkey.
=651  \0$aTurkey$xForeign relations$zGreat Britain.
=999  \\$a19727

