=LDR  00956cam  2200265 i 4500
=001  000019748
=003  BIBL
=005  20061013120800.0
=008  780619s1978\\\\iaua\\\\\\\\\\00000\eng\d
=035  9\$a19748
=035  \\$a(OCoLC)03985382
=040  \\$aIWA$cIWA
=049  \\$aIWAA
=099  \\$aISU$a1978$aSL25
=100  10$aSleight, Weldon Seymour,$d1950-
=245  10$aResponsibilities of agricultural education agencies for adult farmer education in Iowa.
=260  0\$aAmes, Iowa :$b[s.n.],$c1978.
=300  \\$a243 leaves :$bill. ;$c29 cm.
=530  \\$aAlso available online.
=500  \\$aThesis--Iowa State University of Science and Technology.
=504  \\$aIncludes bibliography.
=690  \\$aAgricultural education
=856  41$uhttp://proxy.lib.iastate.edu/login?url=http://gateway.proquest.com/openurl?url_ver=Z39.88-2004&rft_val_fmt=info:ofi/fmt:kev:mtx:dissertation&res_dat=xri:pqdiss&rft_dat=xri:pqdiss:7904020
=999  \\$a19748
=902  \\$axyz

