=LDR  00899cam  2200265 i 4500
=001  000019749
=003  BIBL
=005  20061016151200.0
=008  780619s1978\\\\iaua\\\\\\\\\\00000\eng\d
=035  9\$a19749
=035  \\$a(OCoLC)03985390
=040  \\$aIWA$cIWA
=049  \\$aIWAA
=099  \\$aISU$a1978$aT519
=100  10$aTirrell, Frederick J
=245  10$aLevels of self and external influence in self-reward.
=260  0\$aAmes, Iowa :$b[s.n.],$c1978.
=300  \\$a107 leaves :$bill. ;$c29 cm.
=530  \\$aAlso available online.
=500  \\$aThesis--Iowa State University of Science and Technology.
=504  \\$aIncludes bibliography.
=690  \\$aPsychology
=856  41$uhttp://proxy.lib.iastate.edu/login?url=http://gateway.proquest.com/openurl?url_ver=Z39.88-2004&rft_val_fmt=info:ofi/fmt:kev:mtx:dissertation&res_dat=xri:pqdiss&rft_dat=xri:pqdiss:7900212
=999  \\$a19749
=902  \\$axyz

