=LDR  00948cam  2200265 i 4500
=001  000019755
=003  BIBL
=005  20061013155500.0
=008  780619s1978\\\\iaua\\\\\\\\\\00000\eng\d
=035  9\$a19755
=035  \\$a(OCoLC)03985454
=040  \\$aIWA$cIWA
=049  \\$aIWAA
=099  \\$aISU$a1978$aM629
=100  10$aMillspaugh, John Robert.
=245  10$aOn the role of array structure in the simultaneous matching task : a stages of processing analysis.
=260  0\$aAmes, Iowa :$b[s.n.],$c1978.
=300  \\$a84 leaves :$bill. ;$c29 cm.
=530  \\$aAlso available online.
=500  \\$aThesis--Iowa State University of Science and Technology.
=504  \\$aIncludes bibliography.
=690  \\$aPsychology
=856  41$uhttp://proxy.lib.iastate.edu/login?url=http://gateway.proquest.com/openurl?url_ver=Z39.88-2004&rft_val_fmt=info:ofi/fmt:kev:mtx:dissertation&res_dat=xri:pqdiss&rft_dat=xri:pqdiss:7900198
=999  \\$a19755
=902  \\$axyz

