=LDR  00957cam  2200265 i 4500
=001  000019760
=003  BIBL
=005  20061012150100.0
=008  780619s1978\\\\iaua\\\\\\\\\\00000\eng\d
=035  9\$a19760
=035  \\$a(OCoLC)03985484
=040  \\$aIWA$cIWA
=049  \\$aIWAA$c1$aIWAE$c2
=099  \\$aISU$a1978$aP864
=100  00$aPourmoghim, Seyed-Javad,$d1941-
=245  10$aImport demand in developing countries including Iran : a theoretical and empirical study.
=260  0\$aAmes, Iowa :$b[s.n.],$c1978.
=300  \\$a200 leaves :$bill. ;$c29 cm.
=530  \\$aAlso available online.
=500  \\$aThesis--Iowa State University of Science and Technology.
=504  \\$aIncludes bibliography.
=690  \\$aEconomics
=856  41$uhttp://proxy.lib.iastate.edu/login?url=http://gateway.proquest.com/openurl?url_ver=Z39.88-2004&rft_val_fmt=info:ofi/fmt:kev:mtx:dissertation&res_dat=xri:pqdiss&rft_dat=xri:pqdiss:7900206
=999  \\$a19760
=902  \\$axyz

