=LDR  00694cam  2200241 i 4500
=001  000019765
=003  BIBL
=005  20010123113500.0
=008  780619s1978\\\\iaua\\\\\\\\\\00000\eng\d
=035  9\$a19765
=035  \\$a(OCoLC)03985543
=040  \\$aIWA$cIWA
=049  \\$aIWAA
=099  \\$aISU$a1978$aN155
=100  20$aNa Nakorn, Siwanan,$d1945-
=245  10$aPerformance of steam turbine-generators under islanding conditions.
=260  0\$aAmes, Iowa :$b[s.n.],$c1978.
=300  \\$a118 leaves :$bill. ;$c29 cm.
=500  \\$aThesis (M.S.)--Iowa State University of Science and Technology.
=504  \\$aIncludes bibliography.
=690  \\$aElectric engineering
=999  \\$a19765
=902  \\$axyz

