=LDR  00694cam  2200241 i 4500
=001  000019978
=003  BIBL
=005  20000426141400.0
=008  780621s1978\\\\iaua\\\\\\\\\\00000\eng\d
=035  9\$a19978
=035  \\$a(OCoLC)03992517
=040  \\$aIWA$cIWA
=049  \\$aIWAA
=099  \\$aISU$a1978$aT374
=100  10$aThompson, John Russell.
=245  10$aEstimation of genetic population parameters for a mating appraisal program.
=260  0\$aAmes, Iowa :$b[s.n.],$c1978.
=300  \\$a115 leaves :$bill. ;$c29 cm.
=500  \\$aThesis (M.S.)--Iowa State University of Science and Technology.
=504  \\$aIncludes bibliography.
=690  \\$aAnimal breeding
=999  \\$a19978
=902  \\$axyz

