=LDR  01010cam  2200265 i 4500
=001  000020025
=003  BIBL
=005  20061012150100.0
=008  780622s1978\\\\iaua\\\\\\\\\\00000\eng\d
=035  9\$a20025
=035  \\$a(OCoLC)03994184
=040  \\$aIWA$cIWA
=049  \\$aIWAA
=099  \\$aISU$a1978$aR633
=100  10$aRogers, Richard Alan.
=245  10$aPerceptions of the importance of selected occupational activities of vocational agriculture teachers as perceived by California principals and teachers.
=260  0\$aAmes, Iowa :$b[s.n.],$c1978.
=300  \\$a151 leaves :$bill. ;$c29 cm.
=530  \\$aAlso available online.
=500  \\$aThesis--Iowa State University of Science of Technology.
=504  \\$aIncludes bibliography.
=690  \\$aAgricultural education
=856  41$uhttp://proxy.lib.iastate.edu/login?url=http://gateway.proquest.com/openurl?url_ver=Z39.88-2004&rft_val_fmt=info:ofi/fmt:kev:mtx:dissertation&res_dat=xri:pqdiss&rft_dat=xri:pqdiss:7900207
=999  \\$a20025
=902  \\$axyz

