=LDR  00752cam  2200241 i 4500
=001  000020162
=003  BIBL
=005  20000426142000.0
=008  780626s1978\\\\iaua\\\\\\\\\\00000\eng\d
=035  9\$a20162
=035  \\$a(OCoLC)04008158
=040  \\$aIWA$cIWA
=049  \\$aIWAA
=099  \\$aISU$a1978$aY73
=100  10$aYoder, Benjamin Arthur.
=245  10$aEffect of previous agricultural mechanics training on achievement in a basic metals and welding course at Iowa State University.
=260  0\$aAmes, Iowa :$b[s.n.],$c1978.
=300  \\$a82 leaves :$bill. ;$c29 cm.
=500  \\$aThesis (M.S.)--Iowa State University of Science and Technology.
=504  \\$aIncludes bibliography.
=690  \\$aAgricultural education
=999  \\$a20162
=902  \\$axyz

