=LDR  00846nam  2200265 i 4500
=001  000020164
=003  BIBL
=005  19980818131000.0
=008  780626s1978\\\\iaua\\\\\\\\\\00000\eng\d
=035  9\$a20164
=035  \\$a(OCoLC)04008173
=040  \\$aIWA$cIWA
=049  \\$aIWAA
=099  \\$aISU$a1978$aSm67
=100  00$aSmith, Victor Larstarza.
=245  10$aExamination of general public ascertainment from the point of view of race and sex /$cby Victor Larstarza Smith.
=260  0\$c1978.
=300  \\$a70 leaves :$bill. ;$c29 cm.
=500  \\$aThesis (M.S.)--Iowa State University of Science and Technology.
=502  \\$aThesis (M.S.)--Iowa State University of Science and Technology.
=504  \\$aIncludes bibliography.
=590  \\$aTypescript (Photocopy)
=690  \\$aJournalism and mass communication.
=999  \\$a20164
=902  \\$axyz

