=LDR  00782cam  2200253 i 4500
=001  000020244
=003  BIBL
=005  20000426083300.0
=008  780627s1978\\\\iaua\\\\\\\\\\00000\eng\d
=035  9\$a20244
=035  \\$a(OCoLC)04011108
=040  \\$aIWA$cIWA
=049  \\$aIWAA
=099  \\$aISU$a1978$aR622
=100  00$aRoeder, Jane Imig.
=245  14$aThe relationship between teacher ratings, self-ratings, and actual behavior on cooperative and competitive measures in school age boys.
=260  0\$aAmes, Iowa :$b[s.n.],$c1978.
=300  \\$a59 leaves :$bill. ;$c29 cm.
=500  \\$aThesis (M.S.)--Iowa State University of Science of Technology.
=504  \\$aIncludes bibliography.
=650  \0$aChild development
=690  \0$aChild psychology
=999  \\$a20244
=902  \\$axyz

