=LDR  00707cam  2200241 i 4500
=001  000021097
=003  BIBL
=005  20000426083900.0
=008  780713s1978\\\\iaua\\\\\\\\\\00000\eng\d
=035  9\$a21097
=035  \\$a(OCoLC)04048098
=040  \\$aIWA$cIWA
=049  \\$aIWAA
=099  \\$aISU$a1978$aSa56
=100  00$aSanderson, Robert Charles.
=245  10$aConvective transport in closed tubes using an analog/hybrid Monte Carlo approach.
=260  0\$aAmes, Iowa :$b[s.n.],$c1978.
=300  \\$a78 leaves :$bill. ;$c29 cm.
=500  \\$aThesis (M.S.)--Iowa State University of Science and Technology.
=504  \\$aIncludes bibliography.
=650  \0$aChemical engineering
=999  \\$a21097
=902  \\$axyz

