=LDR  00921cam  2200265 i 4500
=001  000021101
=003  BIBL
=005  20061017115400.0
=008  780713s1978\\\\iaua\\\\\\\\\\00000\eng\d
=035  9\$a21101
=035  \\$a(OCoLC)04048144
=040  \\$aIWA$cIWA
=049  \\$aIWAA
=099  \\$aISU$a1978$aR722
=100  10$aRosen, Donald Alan.
=245  10$aGlobal attraction as a predictor of terminating and remaining in counseling.
=260  0\$aAmes, Iowa :$b[s.n.],$c1978.
=300  \\$a109 leaves :$bill. ;$c29 cm.
=530  \\$aAlso available online.
=500  \\$aThesis--Iowa State University of Science and Technology.
=504  \\$aIncludes bibliography.
=690  \\$aPsychology
=856  41$uhttp://proxy.lib.iastate.edu/login?url=http://gateway.proquest.com/openurl?url_ver=Z39.88-2004&rft_val_fmt=info:ofi/fmt:kev:mtx:dissertation&res_dat=xri:pqdiss&rft_dat=xri:pqdiss:7904016
=999  \\$a21101
=902  \\$axyz

