=LDR  00964cam  2200265 i 4500
=001  000022636
=003  BIBL
=005  20061013120600.0
=008  780801s1978\\\\iaua\\\\\\\\\\00000\eng\d
=035  9\$a22636
=035  \\$a(OCoLC)04100514
=040  \\$aIWA$cIWA
=049  \\$aIWAA
=099  \\$aISU$a1978$aR198
=100  10$aRawls, Willie James,$d1946-
=245  10$aParental perceptions of vocational agriculture supervised occupational experience programs in Iowa.
=260  0\$aAmes, Iowa :$b[s.n.],$c1978.
=300  \\$a189 leaves :$bill. ;$c29 cm.
=530  \\$aAlso available online.
=500  \\$aThesis--Iowa State University of Science and Technology.
=504  \\$aIncludes bibliography.
=690  \\$aAgricultural education
=856  41$uhttp://proxy.lib.iastate.edu/login?url=http://gateway.proquest.com/openurl?url_ver=Z39.88-2004&rft_val_fmt=info:ofi/fmt:kev:mtx:dissertation&res_dat=xri:pqdiss&rft_dat=xri:pqdiss:7904013
=999  \\$a22636
=902  \\$axyz

