=LDR  00978cam  2200277 i 4500
=001  000023913
=003  BIBL
=005  20061017115200.0
=008  780815s1978\\\\iaua\\\\\\\\\\00000\eng\d
=035  9\$a23913
=035  \\$a(OCoLC)04142672
=040  \\$aIWA$cIWA
=049  \\$aIWAA
=099  \\$aISU$a1978$aM857
=100  10$aMotoyama, Tetsuro.
=245  10$aComparison of three methods for prediction : the least square method, ridge regression, and equal weighting.
=260  0\$aAmes, Iowa :$b[s.n.],$c1978.
=300  \\$a85 leaves :$bill. ;$c29 cm.
=530  \\$aAlso available online.
=500  \\$aThesis--Iowa State University of Science and Technology.
=504  \\$aIncludes bibliography.
=690  \\$aPsychology
=690  \\$aStatistics
=856  41$uhttp://proxy.lib.iastate.edu/login?url=http://gateway.proquest.com/openurl?url_ver=Z39.88-2004&rft_val_fmt=info:ofi/fmt:kev:mtx:dissertation&res_dat=xri:pqdiss&rft_dat=xri:pqdiss:7904006
=999  \\$a23913
=902  \\$axyz

