=LDR  00950cam  2200265 i 4500
=001  000023919
=003  BIBL
=005  20061017115700.0
=008  780815s1978\\\\iaua\\\\\\\\\\00000\eng\d
=035  9\$a23919
=035  \\$a(OCoLC)04142735
=040  \\$aIWA$cIWA
=049  \\$aIWAA
=099  \\$aISU$a1978$aSk59
=100  10$aSkowronski, Mary Ann C
=245  10$aSensitivity to structural information : a developmental perspective / by Mary Ann Catherine Skowronski.
=260  0\$aAmes, Iowa :$b[s.n.],$c1978.
=300  \\$a58 leaves :$bill. ;$c29 cm.
=530  \\$aAlso available online.
=500  \\$aThesis--Iowa State University of Science and Technology.
=504  \\$aIncludes bibliography.
=690  \\$aPsychology
=856  41$uhttp://proxy.lib.iastate.edu/login?url=http://gateway.proquest.com/openurl?url_ver=Z39.88-2004&rft_val_fmt=info:ofi/fmt:kev:mtx:dissertation&res_dat=xri:pqdiss&rft_dat=xri:pqdiss:7904019
=999  \\$a23919
=902  \\$axyz

