=LDR  00875nam  2200265 i 4500
=001  000023948
=003  BIBL
=005  19980818145300.0
=008  780815s1978\\\\iaua\\\\\\\\\\00000\eng\d
=035  9\$a23948
=035  \\$a(OCoLC)04142879
=040  \\$aIWA$cIWA
=049  \\$aIWAA
=099  \\$aISU$a1978$aD266
=100  10$aDaum, David Werner.
=245  10$aDesign and construction of a reaction system for the two zone fluidized bed desulfurization of calcium sulfate /$cby David Werner Daum.
=260  0\$c1978.
=300  \\$a85 leaves :$bill. ;$c29 cm.
=500  \\$aThesis (M.S.)--Iowa State University of Science and Technology.
=502  \\$aThesis (M.S.)--Iowa State University of Science and Technology.
=504  \\$aIncludes bibliography.
=590  \\$aTypescript (Photocopy)
=690  \\$aChemical engineering and nuclear engineering.
=999  \\$a23948
=902  \\$axyz

