=LDR  00648cam  2200241 i 4500
=001  000023957
=003  BIBL
=005  20000426141300.0
=008  780815s1978\\\\iaua\\\\\\\\\\00000\eng\d
=035  9\$a23957
=035  \\$a(OCoLC)04142941
=040  \\$aIWA$cIWA
=049  \\$aIWAA
=099  \\$aISU$a1978$aT347
=100  10$aTheis, Brian.
=245  13$aAn examination of the English public schools.
=260  0\$aAmes, Iowa :$b[s.n.],$c1978.
=300  \\$a198 leaves :$bill. ;$c29 cm.
=500  \\$aThesis (M.S.)--Iowa State University of Science and Technology.
=504  \\$aIncludes bibliography.
=690  \\$aEducation
=999  \\$a23957
=902  \\$axyz

