=LDR  00797nam  2200253 i 4500
=001  000024219
=003  BIBL
=005  19980818150000.0
=008  780817s1978\\\\iaua\\\\\\\\\\00000\eng\d
=035  9\$a24219
=035  \\$a(OCoLC)04148273
=040  \\$aIWA$cIWA
=049  \\$aIWAA$c1$aIWAE$c2
=099  \\$aISU$a1978$aR129
=100  1\$aRahm, Michael Robert.
=245  13$aAn economic analysis of coordination strategies of feeder pig finishers /$cby Michael Robert Rahm.
=260  0\$c1978.
=300  \\$a107 leaves :$bill. ;$c29 cm.
=500  \\$aThesis (M.S.)--Iowa State University of Science of Technology.
=502  \\$aThesis (M.S.)--Iowa State University of Science and Technology.
=504  \\$aIncludes bibliography.
=650  \0$aAgriculture$xEconomic aspects
=999  \\$a24219
=902  \\$axyz

