=LDR  01156nam  2200289 i 4500
=001  000024221
=003  BIBL
=005  20061017115000.0
=008  780817s1978\\\\iaua\\\\\\\\\\00000\eng\d
=035  9\$a24221
=035  \\$a(OCoLC)04148288
=040  \\$aIWA$cIWA
=049  \\$aIWAA$c1
=099  \\$aISU$a1978$aM691
=100  10$aMita, Katsunori,$d1949-
=245  10$aPart I. Bilocal field theory and a model for meson spectroscopy. Part II. Trident production by high energy charged particles on nuclei /$cby Katsunori Mita.
=260  0\$c1978.
=300  \\$a129 leaves :$bill. ;$c29 cm.
=530  \\$aAlso available online.
=500  \\$aThesis--Iowa State University of Science and Technology.
=504  \\$aIncludes bibliography.
=690  \\$aElementary particle physics.
=740  00$aBilocal field theory and a model for meson spectroscopy.
=740  00$aTrident production by high energy charged particles on nuclei.
=856  41$uhttp://proxy.lib.iastate.edu/login?url=http://gateway.proquest.com/openurl?url_ver=Z39.88-2004&rft_val_fmt=info:ofi/fmt:kev:mtx:dissertation&res_dat=xri:pqdiss&rft_dat=xri:pqdiss:7904004
=999  \\$a24221
=902  \\$axyz

