=LDR  00954cam  2200265 i 4500
=001  000024222
=003  BIBL
=005  20061017115700.0
=008  780817s1978\\\\iaua\\\\\\\\\\00000\eng\d
=035  9\$a24222
=035  \\$a(OCoLC)04148297
=040  \\$aIWA$cIWA
=049  \\$aIWAA
=099  \\$aISU$a1978$aSt49
=100  00$aStewart, Richard William.
=245  10$aEffect of random aperiodicity on threshold gain of a distributed feedback semiconductor laser.
=260  0\$aAmes, Iowa :$b[s.n.],$c1978.
=300  \\$a103 leaves :$bill. ;$c29 cm.
=530  \\$aAlso available online.
=500  \\$aThesis--Iowa State University of Science of Technology.
=504  \\$aIncludes bibliography.
=650  \0$aElectric engineering
=856  41$uhttp://proxy.lib.iastate.edu/login?url=http://gateway.proquest.com/openurl?url_ver=Z39.88-2004&rft_val_fmt=info:ofi/fmt:kev:mtx:dissertation&res_dat=xri:pqdiss&rft_dat=xri:pqdiss:7904021
=999  \\$a24222
=902  \\$axyz

