=LDR  00932nam  2200289   4500
=001  000024963
=003  BIBL
=005  20000809110900.0
=008  751124s1919\\\\mau\\\\\\\\\\\00010\eng\\
=010  \\$a19020111
=035  9\$a24963
=035  \\$a(OCoLC)01850248
=040  \\$aDLC$cFBA$dIWA
=049  \\$aIWAA
=050  0\$aE681$b.S56
=100  10$aShores, Venila Lovina.
=245  14$aThe Hayes-Conkling controversy, 1877-1879...$cby Venila Lovina Shores.
=260  0\$aNorthampton, Mass.,$bDepartment of history of Smith college,$c[1919]
=300  \\$a2 p. 1., [215]-279.$c23 cm.
=440  \0$aSmith College studies in history.$vv. 4, no. 4
=500  \\$aThesis (M.A.)-Smith college, 1918.
=504  \\$aBibliography: p. [278]-279.
=600  10$aHayes, Rutherford Birchard,$d1822-1893.
=600  10$aConkling, Roscoe,$d1829-1888.
=651  \0$aUnited States$xPolitics and government$y1877-1881
=999  \\$a24963
=092  \\$a973.8$bS

