=LDR  00926nam  2200277 i 4500
=001  000025497
=003  BIBL
=005  19980818153500.0
=008  770616s1974\\\\ilub\\\\\b\\\\00010\eng\d
=035  9\$a25497
=035  \\$a(OCoLC)03045067
=040  \\$aTRL$cTRL$dIWA
=049  \\$aIWAA
=090  \\$aTL725.3.P5$bN49
=090  \\$aHE9797.5.U52$bC4 N4x
=100  10$aNewmyer, David A.
=245  13$aAn analysis of factors affecting the usage of general aviation airports in the Chicago region /$cby David A. Newmyer.
=260  0\$aEvanston, Ill. :$bTransportation Center, Northwestern University ,$c1974.
=300  \\$aii, 162 leaves :$bmaps ;$c28 cm.
=490  0\$aResearch report - Transportation Center, Northwestern University.
=500  \\$aThesis (M.S.)--Northwestern University.
=500  \\$aVita.
=504  \\$aBibliography: leaves 157-161.
=690  \\$aAirports$xLocation
=690  \\$aAirports$zChicago.
=999  \\$a25497

