=LDR  00942cam  2200265 i 4500
=001  000025568
=003  BIBL
=005  20061017115300.0
=008  780830s1978\\\\iaua\\\\\\\\\\00000\eng\d
=035  9\$a25568
=035  \\$a(OCoLC)04179963
=040  \\$aIWA$cIWA
=049  \\$aIWAA
=099  \\$aISU$a1978$aR159
=100  10$aRandlett, Mary McAlister,$d1946-
=245  14$aThe prediction of older adults' participation in preventive mental health education.
=260  0\$aAmes, Iowa :$b[s.n.],$c1978.
=300  \\$a218 leaves :$bill. ;$c29 cm.
=530  \\$aAlso available online.
=500  \\$aThesis--Iowa State University of Science and Technology.
=504  \\$aIncludes bibliography.
=690  \\$aPsychology
=856  41$uhttp://proxy.lib.iastate.edu/login?url=http://gateway.proquest.com/openurl?url_ver=Z39.88-2004&rft_val_fmt=info:ofi/fmt:kev:mtx:dissertation&res_dat=xri:pqdiss&rft_dat=xri:pqdiss:7904012
=999  \\$a25568
=902  \\$axyz

