=LDR  00970cam  2200265 i 4500
=001  000026231
=003  BIBL
=005  20061017114800.0
=008  780907s1978\\\\iaua\\\\\\\\\\00000\eng\d
=035  9\$a26231
=035  \\$a(OCoLC)04204591
=040  \\$aIWA$cIWA
=049  \\$aIWAA
=099  \\$aISU$a1978$aM375
=100  00$aMascia, Peter N , 1950-.
=245  10$aChlorophyll biosynthetic mutants of maize : studies on their genetics, precursor accumulation, and chloroplast development.
=260  0\$aAmes, Iowa :$b[s.n.],$c1978.
=300  \\$a168 leaves :$bill. ;$c29 cm.
=530  \\$aAlso available online.
=500  \\$aThesis--Iowa State University of Science of Technology.
=504  \\$aIncludes bibliography.
=690  \\$aGenetics
=856  41$uhttp://proxy.lib.iastate.edu/login?url=http://gateway.proquest.com/openurl?url_ver=Z39.88-2004&rft_val_fmt=info:ofi/fmt:kev:mtx:dissertation&res_dat=xri:pqdiss&rft_dat=xri:pqdiss:7904000
=999  \\$a26231
=902  \\$axyz

