=LDR  00712cam  2200241 i 4500
=001  000026242
=003  BIBL
=005  20000426084200.0
=008  780907s1978\\\\iaua\\\\\\\\\\00000\eng\d
=035  9\$a26242
=035  \\$a(OCoLC)04204665
=040  \\$aIWA$cIWA
=049  \\$aIWAA$c1$aIWAE$c2
=099  \\$aISU$a1978$aSh73
=100  00$aShoesmith, Gary Lee.
=245  10$aEconomic evaluation of proposed uranium mining expenditures under conditions of uncertainty.
=260  0\$aAmes, Iowa :$b[s.n.],$c1978.
=300  \\$a88 leaves :$bill. ;$c29 cm.
=500  \\$aThesis (M.S.)--Iowa State University of Science of Technology.
=504  \\$aIncludes bibliography.
=690  \\$aEconomics
=999  \\$a26242
=902  \\$axyz

