=LDR  00635cam  2200229 i 4500
=001  000026258
=003  BIBL
=005  20000426080700.0
=008  780907s1978\\\\iaua\\\\\\\\\\00000\eng\d
=035  9\$a26258
=035  \\$a(OCoLC)04204723
=040  \\$aIWA$cIWA
=099  \\$aISU$a1978$aM616
=100  10$aMiller, Michael Ray.
=245  10$aElectrolytic properties of yttrium oxyfluoride.
=260  0\$aAmes, Iowa :$b[s.n.],$c1978.
=300  \\$a78 leaves :$bill. ;$c29 cm.
=500  \\$aThesis (M.S.)--Iowa State University of Science of Technology.
=504  \\$aIncludes bibliography.
=690  \\$aMetallurgy
=999  \\$a26258
=902  \\$axyz

