=LDR  00709cam  2200241 i 4500
=001  000026263
=003  BIBL
=005  20000426082900.0
=008  780907s1978\\\\iaua\\\\\\\\\\00000\eng\d
=035  9\$a26263
=035  \\$a(OCoLC)04204737
=040  \\$aIWA$cIWA
=049  \\$aIWAA
=099  \\$aISU$a1978$aP2771
=100  10$aPatterson, Herbert Scott.
=245  10$aCharacterization of natural speech formants in terms of Kaegi waveform parameters.
=260  0\$aAmes, Iowa :$b[s.n.],$c1978.
=300  \\$a37 leaves :$bill. ;$c29 cm.
=500  \\$aThesis (M.S.)--Iowa State University of Science of Technology.
=504  \\$aIncludes bibliography.
=690  \4$aElectrical engineering
=999  \\$a26263
=902  \\$axyz

