=LDR  00774nam  2200241 i 4500
=001  000027411
=003  BIBL
=005  19980818162700.0
=008  780919s1954\\\\fr\\\\\\\b\\\\00110\fre\d
=035  9\$a27411
=035  \\$a(OCoLC)04236334
=040  \\$cIWA
=049  \\$aIWAA
=090  \\$aDC611.B776$bR5 1954b
=100  1\$aRichard, Jean,$d1921 Feb. 7-
=245  14$aLes ducs de Bourgogne et la formation du Duché du XIe au XIVe siècle /$cpar Jean Richard.
=260  \\$aDijon :$bImprimerie Bernigaud et Privat,$c1954.
=300  \\$axxxix, 570 p.$bmaps (1 fold)$c25 cm.
=440  \0$aPublications de l'Université de Dijon$v12
=500  \\$aThesis--Faculté de Lettres de Paris.
=504  \\$aBibliography: p. [xv]-xxxviii.
=651  \0$aBurgundy (France)$xHistory
=999  \\$a27411

