=LDR  00978nam  2200277   4500
=001  000030313
=003  BIBL
=005  19980818174700.0
=008  750403r19691940\\\\\\\\\\\\\\\\\\\\eng\u
=035  9\$a30313
=035  \\$a(OCoLC)01250725
=040  \\$cBNG$dIWA
=049  \\$aIWAA
=090  \\$aDT773$b.A9 1969
=100  1\$aAxelson, Eric,$d1913-
=245  10$aSouth-east Africa, 1488-1530,$cby Eric Axelson. With a foreword by Leo Fouché.
=260  0\$aNew York,$bKraus Reprint,$c1969.
=300  \\$axiv,306p.$billus., maps (1 fold.)$c24cm.
=500  \\$aRepint of the 1940 ed. published by Longmans, Green, London, New York.
=500  \\$a"Thesis approved for the degree of Doctor of Literature in the University of the Witwatersrand, Johannesburg."
=504  \\$aBibliography: p. 284-297.
=650  \0$aPortuguese in South Africa.
=651  \0$aAfrica, Southern$xHistory
=651  \0$aAfrica, East$xHistory
=651  \0$aSouth Africa$xDiscovery and exploration.
=999  \\$a30313

