=LDR  00694cam  2200241 i 4500
=001  000030792
=003  BIBL
=005  20000426084200.0
=008  781026s1978\\\\iaua\\\\\\\\\\00000\eng\d
=035  9\$a30792
=035  \\$a(OCoLC)04321856
=040  \\$aIWA$cIWA
=049  \\$aIWAA
=099  \\$aISU$a1978$aSh13
=100  10$aShah, Pankaj
=245  10$aEconomic evaluation of two existing HVAC systems for a hospital operating room.
=260  0\$aAmes, Iowa :$b[s.n.],$c1978.
=300  \\$a148 leaves :$bill. ;$c29 cm.
=500  \\$aThesis (M.S.)--Iowa State University of Science and Technology.
=504  \\$aIncludes bibliography.
=690  \\$aIndustrial engineering
=999  \\$a30792
=902  \\$axyz

