=LDR  00909nam  2200265 i 4500
=001  000030794
=003  BIBL
=005  20061013135700.0
=008  781026s1978\\\\iaua\\\\\\\\\\00000\eng\d
=035  9\$a30794
=035  \\$a(OCoLC)04321888
=040  \\$aIWA$cIWA
=049  \\$aIWAA$c1
=099  \\$aISU$a1978$aSt292
=100  00$aStavrou, Jarilaos.
=245  12$aA macroeconometric model for the Panamanian economy 1950-1972.
=260  0\$aAmes, Iowa :$b[s.n.],$c1978.
=300  \\$a219 leaves :$bill. ;$c29 cm.
=530  \\$aAlso available online.
=500  \\$aThesis--Iowa State University of Science and Technology.
=504  \\$aIncludes bibliography.
=690  \\$aEconomics
=856  41$uhttp://proxy.lib.iastate.edu/login?url=http://gateway.proquest.com/openurl?url_ver=Z39.88-2004&rft_val_fmt=info:ofi/fmt:kev:mtx:dissertation&res_dat=xri:pqdiss&rft_dat=xri:pqdiss:7907283
=999  \\$a30794
=902  \\$axyz

