=LDR  00994nam  2200265 i 4500
=001  000030813
=003  BIBL
=005  20061017120300.0
=008  781026s1978\\\\iaua\\\\\\\\\\00000\eng\d
=035  9\$a30813
=035  \\$a(OCoLC)04322660
=040  \\$aIWA$cIWA
=049  \\$aIWAA
=099  \\$aISU$a1978$aB466
=100  10$aBetts, Ronald Eugene$d1947-
=245  10$aIsolation, structure elucidation, and biological activities of toxic secondary metabolites from Helminthosporium maydis /$cby Ronald Eugene Betts.
=260  0\$c1978.
=300  \\$a134 leaves :$bill. ;$c29 cm.
=530  \\$aAlso available online.
=500  \\$aThesis--Iowa State University of Science and Technology.
=504  \\$aIncludes bibliography.
=690  \\$aBiochemistry and biophysics.
=856  41$uhttp://proxy.lib.iastate.edu/login?url=http://gateway.proquest.com/openurl?url_ver=Z39.88-2004&rft_val_fmt=info:ofi/fmt:kev:mtx:dissertation&res_dat=xri:pqdiss&rft_dat=xri:pqdiss:7907231
=999  \\$a30813
=902  \\$axyz

