=LDR  00917cam  2200265 i 4500
=001  000030897
=003  BIBL
=005  20061017150700.0
=008  781027s1978\\\\iaua\\\\\\\\\\00000\eng\d
=035  9\$a30897
=035  \\$a(OCoLC)04325412
=040  \\$aIWA$cIWA
=049  \\$aIWAA
=099  \\$aISU$a1978$aSh91
=100  10$aShu, Ven-Shion$d1947-
=245  10$aRobust estimation of a location parameter in the presence of outliers.
=260  0\$aAmes, Iowa :$b[s.n.],$c1978.
=300  \\$a186 leaves :$bill. ;$c29 cm.
=530  \\$aAlso available online.
=500  \\$aThesis--Iowa State University of Science and Technology.
=504  \\$aIncludes bibliography.
=690  \\$aStatistics
=856  41$uhttp://proxy.lib.iastate.edu/login?url=http://gateway.proquest.com/openurl?url_ver=Z39.88-2004&rft_val_fmt=info:ofi/fmt:kev:mtx:dissertation&res_dat=xri:pqdiss&rft_dat=xri:pqdiss:7907282
=999  \\$a30897
=902  \\$axyz

