=LDR  00716nam  2200241 i 4500
=001  000032939
=003  BIBL
=005  19980818190000.0
=008  781129s1978\\\\iaua\\\\\\\\\\00000\eng\d
=035  9\$a32939
=035  \\$a(OCoLC)04405285
=040  \\$aIWA$cIWA
=049  \\$aIWAA
=099  \\$aISU$a1978$aT345
=100  10$aThian, Tong Sun.
=245  13$aAn evaluation of gentamicin-thallous-carbonate medium for the isolation of group D streptococci from foods.
=260  0\$aAmes, Iowa :$b[s.n.],$c1978.
=300  \\$a93 leaves :$bill. ;$c29 cm.
=500  \\$aThesis (M.S.)--Iowa State University of Science and Technology.
=504  \\$aIncludes bibliography.
=690  \\$aBacteriology.
=999  \\$a32939
=902  \\$axyz

