=LDR  00884nam  2200265 i 4500
=001  000033008
=003  BIBL
=005  20061017150200.0
=008  781129s1978\\\\iaua\\\\\\\\\\00000\eng\d
=035  9\$a33008
=035  \\$a(OCoLC)04406405
=040  \\$aIWA$cIWA
=049  \\$aIWAA
=099  \\$aISU$a1978$aM8551
=100  10$aMoss, Jacque Dianne.
=245  10$aWho influences women's career choices?
=260  0\$aAmes, Iowa :$b[s.n.],$c1978.
=300  \\$a76 leaves :$bill. ;$c29 cm.
=530  \\$aAlso available online.
=500  \\$aThesis--Iowa State University of Science and Technology.
=504  \\$aIncludes bibliography.
=690  \\$aPsychology
=856  41$uhttp://proxy.lib.iastate.edu/login?url=http://gateway.proquest.com/openurl?url_ver=Z39.88-2004&rft_val_fmt=info:ofi/fmt:kev:mtx:dissertation&res_dat=xri:pqdiss&rft_dat=xri:pqdiss:7907268
=999  \\$a33008
=902  \\$axyz

