=LDR  00796nam  2200253 i 4500
=001  000033064
=003  BIBL
=005  19980818190300.0
=008  781130s1978\\\\iau\\\\\\\\\\\00000\eng\d
=035  9\$a33064
=035  \\$a(OCoLC)04407897
=040  \\$aIWA$cIWA
=049  \\$aIWAA$c1$aIWAE$c2
=099  \\$aISU$a1978$aR262
=100  10$aReger, Richard Allen.
=245  10$aFactors associated with adjustment to retirement among older Iowa males /$cby Richard Allen Reger.
=260  0\$c1978.
=300  \\$a154 leaves :$bill. ;$c29 cm.
=500  \\$aThesis (M.S.)--Iowa State University of Science and Technology.
=502  \\$aThesis (M.S.)--Iowa State University of Science and Technology.
=504  \\$aIncludes bibliography.
=690  \\$aSociology and anthropology.
=999  \\$a33064
=902  \\$axyz

