=LDR  00929nam  2200265 i 4500
=001  000033069
=003  BIBL
=005  20061017150000.0
=008  781130s1978\\\\iaua\\\\\\\\\\00000\eng\d
=035  9\$a33069
=035  \\$a(OCoLC)04407977
=040  \\$aIWA$cIWA
=049  \\$aIWAA
=099  \\$aISU$a1978$aM295
=100  10$aMalik, Mujeeb R.
=245  10$aPrediction of laminar and turbulent flow heat transfer in annular passages.
=260  0\$aAmes, Iowa :$b[s.n.],$c1978.
=300  \\$a261 leaves :$bill. ;$c29 cm.
=530  \\$aAlso available online.
=500  \\$aThesis--Iowa State University of Science and Technology.
=504  \\$aIncludes bibliography.
=690  \\$aMechanical engineering
=856  41$uhttp://proxy.lib.iastate.edu/login?url=http://gateway.proquest.com/openurl?url_ver=Z39.88-2004&rft_val_fmt=info:ofi/fmt:kev:mtx:dissertation&res_dat=xri:pqdiss&rft_dat=xri:pqdiss:7907263
=999  \\$a33069
=902  \\$axyz

