=LDR  00735nam  2200253 i 4500
=001  000033132
=003  BIBL
=005  19980818190500.0
=008  781130s1978\\\\iaua\\\\\\\\\\00000\eng\d
=035  9\$a33132
=035  \\$a(OCoLC)04409596
=040  \\$aIWA$cIWA
=049  \\$aIWAA
=099  \\$aISU$a1978$aP4425
=100  10$aPeterson, Thomas P
=245  10$aRadio scattering in the interplanetary medium /$cby Thomas P. Peterson.
=260  0\$c1978.
=300  \\$a149 leaves :$bill. ;$c29 cm.
=500  \\$aThesis (M.S.)--Iowa State University of Science and Technology.
=502  \\$aThesis (M.S.)--Iowa State University of Science and Technology.
=504  \\$aIncludes bibliography.
=650  \0$aPhysics
=999  \\$a33132
=902  \\$axyz

