=LDR  00680nam  2200241 i 4500
=001  000033519
=003  BIBL
=005  19980818191600.0
=008  781206s1978\\\\iaua\\\\\\\\\\00000\eng\d
=035  9\$a33519
=035  \\$a(OCoLC)04425588
=040  \\$aIWA$cIWA
=049  \\$aIWAA
=099  \\$aISU$a1978$aW219
=100  10$aWardell, Patrice Joan.
=245  10$aAssessing measures of commitment in a marital relationship.
=260  0\$aAmes, Iowa :$b[s.n.],$c1978.
=300  \\$a64 leaves :$bill. ;$c29 cm.
=500  \\$aThesis (M.S.)--Iowa State University of Science and Technology.
=504  \\$aIncludes bibliography.
=690  \\$aFamily environment.
=999  \\$a33519
=902  \\$axyz

