=LDR  00686nam  2200241 i 4500
=001  000033525
=003  BIBL
=005  19980818191600.0
=008  781206s1978\\\\iaua\\\\\\\\\\00000\eng\d
=035  9\$a33525
=035  \\$a(OCoLC)04425609
=040  \\$aIWA$cIWA
=049  \\$aIWAA
=099  \\$aISU$a1978$aN514
=100  10$aNicholasen, Heidi Ann.
=245  10$aEffects of response mode and reinforcement on depression and self-esteem.
=260  0\$aAmes, Iowa :$b[s.n.],$c1978.
=300  \\$a107 leaves :$bill. ;$c29 cm.
=500  \\$aThesis (M.S.)--Iowa State University of Science and Technology.
=504  \\$aIncludes bibliography.
=690  \\$aPsychology
=999  \\$a33525
=902  \\$axyz

