=LDR  00710nam  2200241 i 4500
=001  000033531
=003  BIBL
=005  19980818191600.0
=008  781206s1978\\\\iaua\\\\\\\\\\00000\eng\d
=035  9\$a33531
=035  \\$a(OCoLC)04425642
=040  \\$aIWA$cIWA
=049  \\$aIWAA
=099  \\$aISU$a1978$aR832
=100  10$aRude, Dale.
=245  12$aA comparison of the vocational decision-making strategies of Holland's enterprising and investigative groups.
=260  0\$aAmes, Iowa :$b[s.n.],$c1978.
=300  \\$a51 leaves :$bill. ;$c29 cm.
=500  \\$aThesis (M.S.)--Iowa State University of Science and Technology.
=504  \\$aIncludes bibliography.
=690  \\$aPsychology
=999  \\$a33531
=902  \\$axyz

