=LDR  00745nam  2200241 i 4500
=001  000033544
=003  BIBL
=005  19980818191600.0
=008  781206s1978\\\\iaua\\\\\\\\\\00000\eng\d
=035  9\$a33544
=035  \\$a(OCoLC)04425713
=040  \\$aIWA$cIWA
=049  \\$aIWAA
=099  \\$aISU$a1978$aOy3
=100  10$aOyekan, Billy Adisa Olatunji.
=245  14$aThe effect of uniform plant density on yield and other factors of seven cultivars of cowpeas, (Vigna Sinensis (Torner) Savi).
=260  0\$aAmes, Iowa :$b[s.n.],$c1978.
=300  \\$a53 leaves :$bill. ;$c29 cm.
=500  \\$aThesis (M.S.)--Iowa State University of Science and Technology.
=504  \\$aIncludes bibliography.
=690  \\$aHorticulture
=999  \\$a33544
=902  \\$axyz

