=LDR  00736nam  2200241 i 4500
=001  000033545
=003  BIBL
=005  19980818191600.0
=008  781206s1978\\\\iaua\\\\\\\\\\00000\eng\d
=035  9\$a33545
=035  \\$a(OCoLC)04425720
=040  \\$aIWA$cIWA
=049  \\$aIWAA$c1$aIWAD$c2
=099  \\$aISU$a1978$aOb2
=100  00$aOberlander, Richard Allan.
=245  12$aA design proposal and feasibility study for the mixed reuse of the Kurtz warehouse in Des Moines, Iowa.
=260  0\$aAmes, Iowa :$b[s.n.],$c1978.
=300  \\$a224 leaves :$bill. ;$c29 cm.
=500  \\$aThesis (M.Arch.)--Iowa State University of Science and Technology.
=504  \\$aIncludes bibliography.
=690  \\$aArchitecture
=999  \\$a33545
=902  \\$axyz

