=LDR  00924nam  2200265 i 4500
=001  000033550
=003  BIBL
=005  20061017150900.0
=008  781206s1978\\\\iaua\\\\\\\\\\00000\eng\d
=035  9\$a33550
=035  \\$a(OCoLC)04425750
=040  \\$aIWA$cIWA
=049  \\$aIWAA
=099  \\$aISU$a1978$aT849
=100  10$aTurnage, Janet James.
=245  10$aTrans-situational variability in human performance within assessment centers.
=260  0\$aAmes, Iowa :$b[s.n.],$c1978.
=300  \\$a116 leaves :$bill. ;$c29 cm.
=530  \\$aAlso available online.
=500  \\$aThesis--Iowa State University of Science and Technology.
=504  \\$aIncludes bibliography.
=690  \\$aPsychology
=856  41$uhttp://proxy.lib.iastate.edu/login?url=http://gateway.proquest.com/openurl?url_ver=Z39.88-2004&rft_val_fmt=info:ofi/fmt:kev:mtx:dissertation&res_dat=xri:pqdiss&rft_dat=xri:pqdiss:7907289
=999  \\$a33550
=902  \\$axyz

