=LDR  00682nam  2200241 i 4500
=001  000033792
=003  BIBL
=005  19980818192300.0
=008  781212s1978\\\\iaua\\\\\\\\\\00000\eng\d
=035  9\$a33792
=035  \\$a(OCoLC)04444854
=040  \\$aIWA$cIWA
=049  \\$aIWAA$c1$aIWAD$c2
=099  \\$aISU$a1978$aM3631
=100  00$aMartin, David Franklin.
=245  14$aThe moderately priced house and the Prairie School.
=260  0\$aAmes, Iowa :$b[s.n.],$c1978.
=300  \\$a233 leaves :$bill. ;$c29 cm.
=500  \\$aThesis (M.Arch)--Iowa State University of Science and Technology.
=504  \\$aIncludes bibliography.
=690  \\$aArchitecture
=999  \\$a33792
=902  \\$axyz

