=LDR  00804nam  2200241 i 4500
=001  000033802
=003  BIBL
=005  19980818192300.0
=008  781212s1978\\\\iaua\\\\\\\\\\00000\eng\d
=035  9\$a33802
=035  \\$a(OCoLC)04444949
=040  \\$aIWA$cIWA
=049  \\$aIWAA
=099  \\$aISU$a1978$aM2671
=100  10$aMadsen, James Patrick.
=245  10$aEffects of Drechslera sorokiniana, Curvularia geniculata and Alternaria alternata on germination and seedling establishment of Festuca rubra in soil as influenced by nitrogen fertilization.
=260  0\$aAmes, Iowa :$b[s.n.],$c1978.
=300  \\$a67 leaves :$bill. ;$c29 cm.
=500  \\$aThesis (M.S.)--Iowa State University of Science and Technology.
=504  \\$aIncludes bibliography.
=690  \\$aHorticulture
=999  \\$a33802
=902  \\$axyz

