=LDR  00711nam  2200241 i 4500
=001  000033804
=003  BIBL
=005  19980818192300.0
=008  781212s1978\\\\iaua\\\\\\\\\\00000\eng\d
=035  9\$a33804
=035  \\$a(OCoLC)04444967
=040  \\$aIWA$cIWA
=049  \\$aIWAA
=099  \\$aISU$a1978$aT346
=100  10$aThibodeau, George Anne.
=245  10$aIsolation of group D streptococci from clinical samples on Gentamicin Thallous Carbonate agar.
=260  0\$aAmes, Iowa :$b[s.n.],$c1978.
=300  \\$a106 leaves :$bill. ;$c29 cm.
=500  \\$aThesis (M.S.)--Iowa State University of Science and Technology.
=504  \\$aIncludes bibliography.
=690  \\$aBacteriology.
=999  \\$a33804
=902  \\$axyz

