=LDR  00719nam  2200241 i 4500
=001  000033806
=003  BIBL
=005  19980818192300.0
=008  781212s1978\\\\iaua\\\\\\\\\\00000\eng\d
=035  9\$a33806
=035  \\$a(OCoLC)04444986
=040  \\$aIWA$cIWA
=049  \\$aIWAA$c1$aIWAE$c2
=099  \\$aISU$a1978$aC256
=100  00$aCarver, H. Alan.
=245  10$aAnalysis of corn and soybean cash-futures price relationships in North Central Iowa /$cby H. Alan Carver.
=260  0\$c1978.
=300  \\$a86 leaves :$bill. ;$c29 cm.
=500  \\$aThesis (M.S.)--Iowa State University of Science and Technology.
=504  \\$aIncludes bibliography.
=650  \0$aAgriculture$xEconomic aspects
=999  \\$a33806
=902  \\$axyz

