=LDR  00745nam  2200241 i 4500
=001  000033808
=003  BIBL
=005  19980818192300.0
=008  781212s1978\\\\iaua\\\\\\\\\\00000\eng\d
=035  9\$a33808
=035  \\$a(OCoLC)04445009
=040  \\$aIWA$cIWA
=049  \\$aIWAA$c1$aIWAV$c2
=099  \\$aISU$a1978$aSa87
=100  00$aSaur, Jeffrey Keith.
=245  14$aThe teratogenic effects of methoxychlor on the male and female reproductive system of the rat (Rattus norvegicus).
=260  0\$aAmes, Iowa :$b[s.n.],$c1978.
=300  \\$a101 leaves :$bill. ;$c29 cm.
=500  \\$aThesis (M.S.)--Iowa State University of Science and Technology.
=504  \\$aIncludes bibliography.
=690  \\$aVeterinary anatomy
=999  \\$a33808
=902  \\$axyz

