=LDR  00647nam  2200229 i 4500
=001  000033817
=003  BIBL
=005  19980818192400.0
=008  781212s1978\\\\iaua\\\\\\\\\\00000\eng\d
=035  9\$a33817
=035  \\$a(OCoLC)04445055
=040  \\$aIWA$cIWA
=099  \\$aISU$a1978$aM289
=100  10$aMakram, Elham Badie.
=245  10$aSimultaneous multiple faults in a power system.
=260  0\$aAmes, Iowa :$b[s.n.],$c1978.
=300  \\$a127 leaves :$bill. ;$c29 cm.
=500  \\$aThesis (M.S.)--Iowa State University of Science and Technology.
=504  \\$aIncludes bibliography.
=690  \\$aElectric engineering
=999  \\$a33817
=902  \\$axyz

