=LDR  01088nam  2200289   4500
=001  000036490
=003  BIBL
=005  19980818204600.0
=008  751006n1975\\\\xx\\\\\\\\\\\\00000\eng\d
=035  9\$a36490
=035  \\$a(OCoLC)01679534
=040  \\$aGUA$cGUA$dIWA
=049  \\$aIWAA
=090  \\$aBR121.C49$bD4x 1975
=100  10$aDempsey, Madeleine
=245  12$aA contribution to the study of the sources of the Génie du christianisme /$cMadeleine Dempsey.
=260  0\$aGenève :$bSlatkine Reprints,$c1975.
=300  \\$a125 p. ;$c22 cm.
=490  0\$aBibliothèque de la Revue de littérature comparée, no. 49
=500  \\$aReprint of the 1928 edition published by H. Champion, Paris.
=500  \\$a"Thesis submitted for the degree of Ph. D., London University 1927.
=504  \\$aBibliograhy : p. [113]-122.
=600  10$aChateaubriand, François René$cvicomte de,$d1768-1848$tGénie du christianisme.
=650  \0$aLiterature, Comparative$xEnglish and French.
=650  \0$aLiterature, Comparative$xFrench and English.
=650  \0$aChurch history$y19th century
=999  \\$a36490

