=LDR  00693nam  2200241   4500
=001  000037820
=003  BIBL
=005  19980818211700.0
=008  790219s1979\\\\iau\\\\\\\\\\\00000\eng\d
=035  9\$a37820
=035  \\$a(OCoLC)04670108
=040  \\$aIWA$cIWA
=099  \\$aISU$a1979$aJ768
=100  00$aJorgensen, Robert C.
=245  13$aAn architectural program for a sports and recreation facility for Iowa State University.
=260  0\$c1979.
=300  \\$a203 .$billus.$c29 cm.
=500  \\$aTypescript (Photocopy).
=500  \\$aThesis (M.Arch.)--Iowa State University of Science and Technology.
=504  \\$aIncludes bibliography.
=690  \\$aArchitecture
=999  \\$a37820
=902  \\$axyz

