=LDR  00957nam  2200265   4500
=001  000037822
=003  BIBL
=005  20061103095400.0
=008  790219s1979\\\\iau\\\\\\\\\\\00000\eng\d
=035  9\$a37822
=035  \\$a(OCoLC)04670152
=040  \\$aIWA$cIWA
=099  \\$aISU$a1979$aZ71
=100  00$aZober, Edith Swartz,$d1917-
=245  10$aExchange and power as frameworks for the study of cooperation and conflict in dyadic relations of organizations.
=260  0\$c1979.
=300  \\$a226 leaves$billus.$c29 cm.
=530  \\$aAlso available online.
=500  \\$aTypescript (Photocopy).
=500  \\$aThesis--Iowa State University of Science and Technology.
=504  \\$aIncludes bibliography.
=690  \\$aSociology
=856  41$uhttp://proxy.lib.iastate.edu/login?url=http://gateway.proquest.com/openurl?url_ver=Z39.88-2004&rft_val_fmt=info:ofi/fmt:kev:mtx:dissertation&res_dat=xri:pqdiss&rft_dat=xri:pqdiss:7916220
=999  \\$a37822
=902  \\$axyz

