=LDR  01005nam  2200277   4500
=001  000038435
=003  BIBL
=005  19980818213200.0
=008  741101r19791941\\\\\\\\\\\\\\\\\\\\eng\u
=010  \\$aa 41004909
=035  9\$a38435
=035  \\$a(OCoLC)01064464
=040  \\$cVTU$dIWA
=049  \\$aIWAA
=090  \\$aDK418.95.N3$bR8 1979
=100  10$aRutkowska, Neomisia,$esister.
=245  10$aBishop Adam Naruszewicz and his History of the Polish nation;$ba critical study...$cby Sister M. Neomisia Rutkowska.
=260  0\$a[Ann Arbor, Mich,$bUniversity Microfilms,$c1979]
=300  \\$axi, 138 p.$c23 cm.
=500  \\$aThesis (PH.D.)-Catholic university of America, 1941.
=500  \\$aReprint of the 1941 ed. published by The Catholic University of America press, Washington, D.C.
=504  \\$aBibliography: p. 130-135.
=600  10$aNaruszewicz, Adam Stanislaw,$cbp.,$d1733-1796.$tHistorya narodu polskiego.
=651  \0$aPoland$xHistory$xHistoriograhy.
=999  \\$a38435
=092  \\$a943.802$bR935b

