=LDR  00917nam  2200265   4500
=001  000038686
=003  BIBL
=005  20061103095200.0
=008  790305s1979\\\\iau\\\\\\\\\\\00000\eng\d
=035  9\$a38686
=035  \\$a(OCoLC)04713386
=040  \\$aIWA$cIWA
=099  \\$aISU$a1979$aR251
=100  10$aReed, Michael R.
=245  10$aFeed grain imports and their effect on feed grain prices in the importing country.
=260  0\$c1979.
=300  \\$a172 leaves$billus.$c29 cm.
=530  \\$aAlso available online.
=500  \\$aTypescript (Photocopy).
=500  \\$aThesis--Iowa State University of Science and Technology.
=504  \\$aIncludes bibliography.
=690  \\$aEconomics
=856  41$uhttp://proxy.lib.iastate.edu/login?url=http://gateway.proquest.com/openurl?url_ver=Z39.88-2004&rft_val_fmt=info:ofi/fmt:kev:mtx:dissertation&res_dat=xri:pqdiss&rft_dat=xri:pqdiss:7916210
=999  \\$a38686
=902  \\$axyz

