=LDR  00928nam  2200265   4500
=001  000038687
=003  BIBL
=005  20061117143800.0
=008  790305s1979\\\\iau\\\\\\\\\\\00000\eng\d
=035  9\$a38687
=035  \\$a(OCoLC)04713400
=040  \\$aIWA$cIWA
=099  \\$aISU$a1979$aT156
=100  10$aTang, Wang.
=245  10$aStructure and stability analysis of large scale systems using a new graph-theoretic approach.
=260  0\$c1979.
=300  \\$a97 .$billus.$c29 cm.
=530  \\$aAlso available online.
=500  \\$aTypescript (Photocopy).
=500  \\$aThesis--Iowa State University of Science and Technology.
=504  \\$aIncludes bibliography.
=690  \\$aElectric engineering
=856  41$uhttp://proxy.lib.iastate.edu/login?url=http://gateway.proquest.com/openurl?url_ver=Z39.88-2004&rft_val_fmt=info:ofi/fmt:kev:mtx:dissertation&res_dat=xri:pqdiss&rft_dat=xri:pqdiss:7916215
=999  \\$a38687
=902  \\$axyz

