=LDR  00650nam  2200241   4500
=001  000038688
=003  BIBL
=005  19980818213700.0
=008  790305s1979\\\\iau\\\\\\\\\\\00000\eng\d
=035  9\$a38688
=035  \\$a(OCoLC)04713429
=040  \\$aIWA$cIWA
=099  \\$aISU$a1979$aR147
=100  00$aRamos, Alejandro.
=245  12$aA study of the demand for money in Uruguay, 1957-1976.
=260  0\$c1979.
=300  \\$a138 .$billus.$c29 cm.
=500  \\$aTypescript (Photocopy).
=500  \\$aThesis (M.S.)--Iowa State University of Science and Technology.
=504  \\$aIncludes bibliography.
=690  \\$aEconomics
=999  \\$a38688
=902  \\$axyz

