=LDR  00725nam  2200241   4500
=001  000038689
=003  BIBL
=005  19980818213700.0
=008  790305s1979\\\\iau\\\\\\\\\\\00000\eng\d
=035  9\$a38689
=035  \\$a(OCoLC)04713442
=040  \\$aIWA$cIWA
=099  \\$aISU$a1979$aW671
=100  10$aWilliams, Daniel John.
=245  14$aThe synergistic effect of Septoria glycines and Pseudomonas glycinea on soybean yield /$cby Daniel John Williams.
=260  0\$c1979.
=300  \\$a38 leaves :$bill. ;$c29 cm.
=500  \\$aTypescript (Photocopy).
=500  \\$aThesis (M.S.)--Iowa State University of Science and Technology.
=504  \\$aIncludes bibliography.
=650  \0$aPlant diseases
=999  \\$a38689
=902  \\$axyz

