=LDR  00661nam  2200241   4500
=001  000038692
=003  BIBL
=005  19980818213700.0
=008  790305s1979\\\\iau\\\\\\\\\\\00000\eng\d
=035  9\$a38692
=035  \\$a(OCoLC)04713466
=040  \\$aIWA$cIWA
=099  \\$aISU$a1979$aT811
=100  00$aTudor, Kerry William.
=245  10$aIs the central Iowa cash corn market an efficient market?
=260  0\$c1979.
=300  \\$a58 leaves$billus.$c29 cm.
=500  \\$aTypescript (Photocopy).
=500  \\$aThesis (M.S.)--Iowa State University of Science and Technology.
=504  \\$aIncludes bibliography.
=690  \\$aEconomics
=999  \\$a38692
=902  \\$axyz

