=LDR  00682nam  2200241   4500
=001  000039015
=003  BIBL
=005  19980818214500.0
=008  790309s1979\\\\iau\\\\\\\\\\\00000\eng\d
=035  9\$a39015
=035  \\$a(OCoLC)04729162
=040  \\$aIWA$cIWA
=099  \\$aISU$a1979$aH17
=100  10$aHam, Fredric M.
=245  12$aA suboptimal Kalman filter for an integrated Omega/air-data navigation system.
=260  0\$c1979.
=300  \\$a132 .$billus.$c29 cm.
=500  \\$aTypescript (Photocopy).
=500  \\$aThesis (M.S.)--Iowa State University of Science and Technology.
=504  \\$aIncludes bibliography.
=690  \\$aElectric engineering
=999  \\$a39015
=902  \\$axyz

