=LDR  00719nam  2200241   4500
=001  000039016
=003  BIBL
=005  19980818214500.0
=008  790309s1979\\\\iau\\\\\\\\\\\00000\eng\d
=035  9\$a39016
=035  \\$a(OCoLC)04729176
=040  \\$aIWA$cIWA
=099  \\$aISU$a1979$aJ267
=100  10$aJanssen, Danny Dale.
=245  10$aRelationship of school size to the importance of stressing basic skills in vocational agriculture programs.
=260  0\$c1979.
=300  \\$a167 .$billus.$c29 cm.
=500  \\$aTypescript (Photocopy).
=500  \\$aThesis (M.S.)--Iowa State University of Science and Technology.
=504  \\$aIncludes bibliography.
=690  \\$aAgricultural education
=999  \\$a39016
=902  \\$axyz

