=LDR  00653nam  2200241   4500
=001  000039018
=003  BIBL
=005  19980818214500.0
=008  790309s1979\\\\iau\\\\\\\\\\\00000\eng\d
=035  9\$a39018
=035  \\$a(OCoLC)04729193
=040  \\$aIWA$cIWA
=099  \\$aISU$a1979$aL887
=100  10$aLorenzen, Emily Sue.
=245  10$aCharacteristics of nursery stock consumers in Iowa.
=260  0\$c1979.
=300  \\$a117 .$billus.$c29 cm.
=500  \\$aTypescript (Photocopy).
=500  \\$aThesis (M.S.)--Iowa State University of Science and Technology.
=504  \\$aIncludes bibliography.
=690  \\$aHorticulture
=999  \\$a39018
=902  \\$axyz

