=LDR  00731nam  2200241   4500
=001  000039023
=003  BIBL
=005  19980818214500.0
=008  790309s1979\\\\iau\\\\\\\\\\\00000\eng\d
=035  9\$a39023
=035  \\$a(OCoLC)04729243
=040  \\$aIWA$cIWA
=099  \\$aISU$a1979$aN979
=100  00$aNwokoukwu, Onyendi.
=245  10$aFactors influencing teaching effectiveness of industrial education teachers at community college level in the state of Iowa.
=260  0\$c1979.
=300  \\$a72 .$billus.$c29 cm.
=500  \\$aTypescript (Photocopy).
=500  \\$aThesis (M.S.)--Iowa State University of Science and Technology.
=504  \\$aIncludes bibliography.
=690  \\$aTechnical education
=999  \\$a39023
=902  \\$axyz

