=LDR  00706cam  2200253   4500
=001  000039027
=003  BIBL
=005  19990116004500.0
=008  790309s1979\\\\iau\\\\\\\\\\\00000\eng\d
=035  9\$a39027
=035  \\$a(OCoLC)04729274
=040  \\$aIWA$cIWA
=049  \\$bPARKS VET
=099  \\$aISU$a1979$aL335
=100  10$aLasley, John P.
=245  14$aThe acute toxicity, hepatic response and neural activity of mirex in rats.
=260  0\$c1979.
=300  \\$a109 .$billus.$c29 cm.
=500  \\$aTypescript (Photocopy).
=500  \\$aThesis (M.S.)--Iowa State University of Science and Technology.
=504  \\$aIncludes bibliography.
=690  \\$aVeterinary physiology
=999  \\$a39027
=902  \\$axyz

