=LDR  00746nam  2200241   4500
=001  000039157
=003  BIBL
=005  19980818214800.0
=008  790312s1979\\\\iau\\\\\\\\\\\00000\eng\d
=035  9\$a39157
=035  \\$a(OCoLC)04733981
=040  \\$aIWA$cIWA
=099  \\$aISU$a1979$aSt39
=100  10$aStelly, David Matthias.
=245  10$aInvestigations of a partially male-sterile line of soybeans, Glycine max (L.) Merrill /$cby David Matthias Stelly.
=260  0\$c1979.
=300  \\$a204 leaves :$bill. ;$c29 cm.
=500  \\$aTypescript (Photocopy).
=500  \\$aThesis (M.S.)--Iowa State University of Science and Technology.
=504  \\$aIncludes bibliography.
=690  \\$aPlant breeding and cytogenetics.
=999  \\$a39157
=902  \\$axyz

