=LDR  00736nam  2200241   4500
=001  000039159
=003  BIBL
=005  19980818214800.0
=008  790312s1979\\\\iau\\\\\\\\\\\00000\eng\d
=035  9\$a39159
=035  \\$a(OCoLC)04733990
=040  \\$aIWA$cIWA
=099  \\$aISU$a1979$aW832
=100  10$aWolfe, Timothy Allen.
=245  10$aComparison of capillary suction time (CST) and Büchner funnel tests for evaluating the filterability of sewage sludges.
=260  0\$c1979.
=300  \\$a197 leaves$billus.$c29 cm.
=500  \\$aTypescript (Photocopy).
=500  \\$aThesis (M.S.)--Iowa State University of Science and Technology.
=504  \\$aIncludes bibliography.
=690  \\$aSanitary engineering
=999  \\$a39159
=902  \\$axyz

