=LDR  00668nam  2200241   4500
=001  000039161
=003  BIBL
=005  19980818214800.0
=008  790312s1979\\\\iau\\\\\\\\\\\00000\eng\d
=035  9\$a39161
=035  \\$a(OCoLC)04734017
=040  \\$aIWA$cIWA
=099  \\$aISU$a1979$aB275
=100  10$aBarrett, Gary Richard.
=245  10$aMale aggression toward females: The effects of exposure to erotica.
=260  0\$c1979.
=300  \\$a75 .$billus.$c29 cm.
=500  \\$aTypescript (Photocopy).
=500  \\$aThesis (M.S.)--Iowa State University of Science and Technology.
=504  \\$aIncludes bibliography.
=690  \\$aPsychology
=999  \\$a39161
=902  \\$axyz

