=LDR  00665nam  2200241   4500
=001  000039162
=003  BIBL
=005  19980818214800.0
=008  790312s1979\\\\iau\\\\\\\\\\\00000\eng\d
=035  9\$a39162
=035  \\$a(OCoLC)04734025
=040  \\$aIWA$cIWA
=099  \\$aISU$a1979$aI8
=100  10$aIgwilo, Frank Nnabuike.
=245  10$aGroup technology approach to manufacture and layout.
=260  0\$c1979.
=300  \\$a144 .$billus.$c29 cm.
=500  \\$aTypescript (Photocopy).
=500  \\$aThesis (M.S.)--Iowa State University of Science and Technology.
=504  \\$aIncludes bibliography.
=690  \\$aIndustrial engineering
=999  \\$a39162
=902  \\$axyz

