=LDR  00944nam  2200265   4500
=001  000039164
=003  BIBL
=005  20061117141500.0
=008  790312s1979\\\\iau\\\\\\\\\\\00000\eng\u
=035  9\$a39164
=035  \\$a(OCoLC)04734049
=040  \\$cIWA
=099  \\$aISU$a1979$aH639
=100  00$aHitz, William D.,$d1949-
=245  10$aOxygen and carbon dioxide effects on the photosynthetic and photorespiratory carbon pools in Glycine max.
=260  0\$c1979.
=300  \\$a89 .$billus.$c29 cm.
=530  \\$aAlso available online.
=500  \\$aTypescript (Photocopy).
=500  \\$aThesis--Iowa State University of Science and Technology.
=504  \\$aIncludes bibliography.
=690  \\$aPlant physiology
=856  41$uhttp://proxy.lib.iastate.edu/login?url=http://gateway.proquest.com/openurl?url_ver=Z39.88-2004&rft_val_fmt=info:ofi/fmt:kev:mtx:dissertation&res_dat=xri:pqdiss&rft_dat=xri:pqdiss:7916199
=999  \\$a39164
=902  \\$axyz

