=LDR  00789cam  2200253   4500
=001  000039193
=003  BIBL
=005  20060810102400.0
=008  790312s1979\\\\iau\\\\\\\\\\\00000\eng\d
=035  9\$a39193
=035  \\$a(OCoLC)04734996
=040  \\$aIWA$cIWA
=049  \\$bPARKS
=099  \\$aISU$a1979$aW951
=100  10$aWubben, Neil Martin.
=245  10$aPerceptions of selected groups toward the role of the vocational agriculture program in meeting the imperative needs of youth of secondary school age.
=260  0\$c1979.
=300  \\$a106 leaves$billus.$c29 cm.
=500  \\$aTypescript (Photocopy).
=500  \\$aThesis (M.S.)--Iowa State University of Science and Technology.
=504  \\$aIncludes bibliography.
=690  \\$aAgricultural education
=999  \\$a39193
=902  \\$axyz

