=LDR  00685nam  2200241   4500
=001  000039194
=003  BIBL
=005  19980818214900.0
=008  790312s1979\\\\iau\\\\\\\\\\\00000\eng\d
=035  9\$a39194
=035  \\$a(OCoLC)04735007
=040  \\$aIWA$cIWA
=099  \\$aISU$a1979$aN94
=100  10$aNus, Jeffery Lynn.
=245  10$aLow temperature survival of Forsythia flower buds and a new freeze test system design.
=260  0\$c1979.
=300  \\$a154 .$billus.$c29 cm.
=500  \\$aTypescript (Photocopy).
=500  \\$aThesis (M.S.)--Iowa State University of Science and Technology.
=504  \\$aIncludes bibliography.
=690  \\$aHorticulture
=999  \\$a39194
=902  \\$axyz

