=LDR  00688nam  2200241   4500
=001  000039195
=003  BIBL
=005  19980818214900.0
=008  790312s1979\\\\iau\\\\\\\\\\\00000\eng\d
=035  9\$a39195
=035  \\$a(OCoLC)04735016
=040  \\$aIWA$cIWA
=099  \\$aISU$a1979$aH277
=100  10$aHasselman, Elvin Eugene.
=245  10$aPerceptions of educational needs as expressed by Northeast Iowa veterans.
=260  0\$c1979.
=300  \\$a91 .$billus.$c29 cm.
=500  \\$aTypescript (Photocopy).
=500  \\$aThesis (M.S.)--Iowa State University of Science and Technology.
=504  \\$aIncludes bibliography.
=690  \\$aAgricultural education
=999  \\$a39195
=902  \\$axyz

