=LDR  00686nam  2200241   4500
=001  000039197
=003  BIBL
=005  19980818214900.0
=008  790312s1979\\\\iau\\\\\\\\\\\00000\eng\d
=035  9\$a39197
=035  \\$a(OCoLC)04735035
=040  \\$aIWA$cIWA
=099  \\$aISU$a1979$aK379
=100  00$aKenneally, John Thomas.
=245  10$aCongestion and delays at John F. Kennedy International Airport: A Concrete Approach.
=260  0\$c1979.
=300  \\$a116 .$billus.$c29 cm.
=500  \\$aTypescript (Photocopy).
=500  \\$aThesis (M.S.)--Iowa State University of Science and Technology.
=504  \\$aIncludes bibliography.
=690  \\$aEconomics
=999  \\$a39197
=902  \\$axyz

