=LDR  00721nam  2200241   4500
=001  000039208
=003  BIBL
=005  19980818214900.0
=008  790312s1979\\\\iau\\\\\\\\\\\00000\eng\d
=035  9\$a39208
=035  \\$a(OCoLC)04735097
=040  \\$aIWA$cIWA
=099  \\$aISU$a1979$aSk61
=100  1\$aSkrdla, R. K.$q(Ronald Kent)
=245  10$aIndirect effects of mass selection for seed density in oats /$cby Ronald Kent Skrdla.
=260  0\$c1979.
=300  \\$a85 leaves :$bill. ;$c29 cm.
=500  \\$aTypescript (Photocopy).
=500  \\$aThesis (M.S.)--Iowa State University of Science and Technology.
=504  \\$aIncludes bibliography.
=690  \\$aPlant breeding and cytogenetics.
=999  \\$a39208
=902  \\$axyz

