=LDR  00680nam  2200241   4500
=001  000039209
=003  BIBL
=005  19980818214900.0
=008  790312s1979\\\\iau\\\\\\\\\\\00000\eng\d
=035  9\$a39209
=035  \\$a(OCoLC)04735106
=040  \\$aIWA$cIWA
=099  \\$aISU$a1979$aSm18
=100  10$aSmall, Sharon Evelyn.
=245  14$aThe good mother myth in selected fiction of Doris Lessing /$cby Sharon Evelyn Small.
=260  0\$c1979.
=300  \\$a51 leaves :$c29 cm.
=500  \\$aTypescript (Photocopy).
=500  \\$aThesis (M.A.)--Iowa State University of Science and Technology.
=504  \\$aIncludes bibliography.
=690  \\$aEnglish
=999  \\$a39209
=902  \\$axyz

