=LDR  00699nam  2200241   4500
=001  000039210
=003  BIBL
=005  19980818214900.0
=008  790312s1979\\\\iau\\\\\\\\\\\00000\eng\d
=035  9\$a39210
=035  \\$a(OCoLC)04735108
=040  \\$aIWA$cIWA
=099  \\$aISU$a1979$aF495
=100  00$aFink, Jeri Conrad.
=245  10$aArchitecture and the commercial strip; how ideas in architecture are communicated and maintained
=260  0\$c1979.
=300  \\$a118 .$billus.$c29 cm.
=500  \\$aTypescript (Photocopy).
=500  \\$aThesis (M.Arch.)--Iowa State University of Science and Technology.
=504  \\$aIncludes bibliography.
=690  \\$aArchitecture
=999  \\$a39210
=902  \\$axyz

