=LDR  00663nam  2200241   4500
=001  000039212
=003  BIBL
=005  19980818215000.0
=008  790312s1979\\\\iau\\\\\\\\\\\00000\eng\d
=035  9\$a39212
=035  \\$a(OCoLC)04735119
=040  \\$aIWA$cIWA
=099  \\$aISU$a1979$aE12
=100  10$aElahi, Hamid.
=245  10$aTransmission line losses under power transfer conditions.
=260  0\$c1979.
=300  \\$a65 leaves$billus.$c29 cm.
=500  \\$aTypescript (Photocopy).
=500  \\$aThesis (M.S.)--Iowa State University of Science and Technology.
=504  \\$aIncludes bibliography.
=690  \\$aElectric engineering
=999  \\$a39212
=902  \\$axyz

