=LDR  00635nam  2200241   4500
=001  000039271
=003  BIBL
=005  19980818215100.0
=008  790313s1979\\\\iau\\\\\\\\\\\00000\eng\d
=035  9\$a39271
=035  \\$a(OCoLC)04737613
=040  \\$aIWA$cIWA
=099  \\$aISU$a1979$aO7
=100  10$aOstle, Anthony Glenn.
=245  10$aSurvival of bacteriophage in soil.
=260  0\$c1979.
=300  \\$a81 .$billus.$c29 cm.
=500  \\$aTypescript (Photocopy).
=500  \\$aThesis (M.S.)--Iowa State University of Science and Technology.
=504  \\$aIncludes bibliography.
=690  \\$aBacteriology.
=999  \\$a39271
=902  \\$axyz

