=LDR  00730nam  2200241   4500
=001  000039410
=003  BIBL
=005  19980818215400.0
=008  790315s1979\\\\iau\\\\\\\\\\\00000\eng\d
=035  9\$a39410
=035  \\$a(OCoLC)04745510
=040  \\$aIWA$cIWA
=099  \\$aISU$a1979$aR266
=100  10$aRehbein, David Kent.
=245  10$aEffect of nitrogen concentration and temperature on the critical resolved shear stress and strain rate sensitivity of vanadium
=260  0\$c1979.
=300  \\$a68 leaves$billus.$c29 cm.
=500  \\$aTypescript (Photocopy).
=500  \\$aThesis (M.S.)--Iowa State University of Science and Technology.
=504  \\$aIncludes bibliography.
=690  \\$aMetallurgy
=999  \\$a39410
=902  \\$axyz

