=LDR  00928nam  2200265   4500
=001  000039411
=003  BIBL
=005  20061117141500.0
=008  790315s1979\\\\iau\\\\\\\\\\\00000\eng\d
=035  9\$a39411
=035  \\$a(OCoLC)04745525
=040  \\$aIWA$cIWA
=099  \\$aISU$a1979$aH121
=100  10$aHagemoser, Wayne A.
=245  10$aStudies on the pathogenesis of pseudorabies in domestic cats following oral exposure.
=260  0\$c1979.
=300  \\$a97 .$billus.$c29 cm.
=530  \\$aAlso available online.
=500  \\$aTypescript (Photocopy).
=500  \\$aThesis--Iowa State University of Science and Technology.
=504  \\$aIncludes bibliography.
=650  \0$aVeterinary pathology
=856  41$uhttp://proxy.lib.iastate.edu/login?url=http://gateway.proquest.com/openurl?url_ver=Z39.88-2004&rft_val_fmt=info:ofi/fmt:kev:mtx:dissertation&res_dat=xri:pqdiss&rft_dat=xri:pqdiss:7916198
=999  \\$a39411
=902  \\$axyz

