=LDR  00756nam  2200241   4500
=001  000039472
=003  BIBL
=005  19980818215500.0
=008  790315s1979\\\\iau\\\\\\\\\\\00000\eng\d
=035  9\$a39472
=035  \\$a(OCoLC)04746452
=040  \\$aIWA$cIWA
=099  \\$aISU$a1979$aSe94
=100  00$aSeyedin, Nader.
=245  10$aQuantitative determination of indole-3-acetic acid in tassels of corn varieties differing in population tolerance /$cby Nader Seyedin.
=260  0\$c1979.
=300  \\$a64 leaves :$bill. ;$c29 cm.
=500  \\$aTypescript (Photocopy).
=500  \\$aThesis (M.S.)--Iowa State University of Science and Technology.
=504  \\$aIncludes bibliography.
=690  \\$aCrop production and physiology.
=999  \\$a39472
=902  \\$axyz

