=LDR  00679nam  2200241   4500
=001  000039478
=003  BIBL
=005  19980818215600.0
=008  790315s1979\\\\iau\\\\\\\\\\\00000\eng\d
=035  9\$a39478
=035  \\$a(OCoLC)04746574
=040  \\$aIWA$cIWA
=099  \\$aISU$a1979$aK836
=100  10$aKompas, Tom
=245  10$a"Thy kingdom come": A look at the economics of John Stuart Mill and his stationary state.
=260  0\$c1979.
=300  \\$a204 .$billus.$c29 cm.
=500  \\$aTypescript (Photocopy).
=500  \\$aThesis (M.S.)--Iowa State University of Science and Technology.
=504  \\$aIncludes bibliography.
=690  \\$aEconomics
=999  \\$a39478
=902  \\$axyz

