=LDR  00729nam  2200241   4500
=001  000039480
=003  BIBL
=005  19980818215600.0
=008  790315s1979\\\\iau\\\\\\\\\\\00000\eng\d
=035  9\$a39480
=035  \\$a(OCoLC)04746612
=040  \\$aIWA$cIWA
=099  \\$aISU$a1979$aL789
=100  10$aLochmann, Allan Frederick.
=245  10$aPerceived importance of the agriculture resource management principle in agriculture and agribusiness education.
=260  0\$c1979.
=300  \\$a82 .$billus.$c29 cm.
=500  \\$aTypescript (Photocopy).
=500  \\$aThesis (M.S.)--Iowa State University of Science and Technology.
=504  \\$aIncludes bibliography.
=690  \\$aAgricultural education
=999  \\$a39480
=902  \\$axyz

