=LDR  00935nam  2200265   4500
=001  000040009
=003  BIBL
=005  20061103112200.0
=008  790323s1979\\\\iau\\\\\\\\\\\00000\eng\d
=035  9\$a40009
=035  \\$a(OCoLC)04771609
=040  \\$aIWA$cIWA
=099  \\$aISU$a1979$aA24
=100  00$aAnderson, Russell Dale.
=245  13$aAn evaluation and emulation of resource distribution in distributed processing networks.
=260  0\$c1979.
=300  \\$a216 .$billus.$c29 cm.
=530  \\$aAlso available online.
=500  \\$aTypescript (Photocopy).
=500  \\$aThesis--Iowa State University of Science and Technology.
=504  \\$aIncludes bibliography.
=650  \0$aElectric engineering
=856  41$uhttp://proxy.lib.iastate.edu/login?url=http://gateway.proquest.com/openurl?url_ver=Z39.88-2004&rft_val_fmt=info:ofi/fmt:kev:mtx:dissertation&res_dat=xri:pqdiss&rft_dat=xri:pqdiss:7916184
=999  \\$a40009
=902  \\$axyz

