=LDR  00933nam  2200265   4500
=001  000040043
=003  BIBL
=005  20061103095000.0
=008  790323s1979\\\\iau\\\\\\\\\\\00000\eng\d
=035  9\$a40043
=035  \\$a(OCoLC)04772572
=040  \\$aIWA$cIWA
=099  \\$aISU$a1979$aG346
=100  00$aGhosh, Syamal Kumar,$d1942-
=245  10$aDesigning a pilot set of social accounts based on the Fox-Van Moeseke total income approach.
=260  0\$c1979.
=300  \\$a188 .$billus.$c29 cm.
=530  \\$aAlso available online.
=500  \\$aTypescript (Photocopy).
=500  \\$aThesis--Iowa State University of Science and Technology.
=504  \\$aIncludes bibliography.
=690  \\$aEconomics
=856  41$uhttp://proxy.lib.iastate.edu/login?url=http://gateway.proquest.com/openurl?url_ver=Z39.88-2004&rft_val_fmt=info:ofi/fmt:kev:mtx:dissertation&res_dat=xri:pqdiss&rft_dat=xri:pqdiss:7916196
=999  \\$a40043
=902  \\$axyz

