=LDR  00669nam  2200241   4500
=001  000040154
=003  BIBL
=005  19980818221100.0
=008  790326s1979\\\\iau\\\\\\\\\\\00000\eng\d
=035  9\$a40154
=035  \\$a(OCoLC)04784436
=040  \\$aIWA$cIWA
=099  \\$aISU$a1979$aA11
=100  20$aAl-Abbasi, Sabri H.
=245  10$aGarden rose understock-scion responses to various climatic conditions.
=260  0\$c1979.
=300  \\$a33 .$billus.$c29 cm.
=500  \\$aTypescript (Photocopy).
=500  \\$aThesis (M.S.)--Iowa State University of Science and Technology.
=504  \\$aIncludes bibliography.
=690  \\$aHorticulture
=999  \\$a40154
=902  \\$axyz

