=LDR  00736nam  2200241   4500
=001  000040156
=003  BIBL
=005  19980818221100.0
=008  790326s1979\\\\iau\\\\\\\\\\\00000\eng\d
=035  9\$a40156
=035  \\$a(OCoLC)04784442
=040  \\$aIWA$cIWA
=099  \\$aISU$a1979$aSt32
=100  10$aStefanowicz, Louise Thompson.
=245  12$aA comparison of general public vs. gatekeeper attitudes toward a new community mental health center in Southwest Missouri.
=260  0\$c1979.
=300  \\$a110 leaves$billus.$c29 cm.
=500  \\$aTypescript (Photocopy).
=500  \\$aThesis (M.S.)--Iowa State University of Science and Technology.
=504  \\$aIncludes bibliography.
=690  \\$aPsychology
=999  \\$a40156
=902  \\$axyz

