=LDR  00971nam  2200265   4500
=001  000040168
=003  BIBL
=005  20061103112300.0
=008  790326s1979\\\\iau\\\\\\\\\\\00000\eng\d
=035  9\$a40168
=035  \\$a(OCoLC)04784590
=040  \\$aIWA$cIWA
=099  \\$aISU$a1979$aC47
=100  10$aChu, Redman Rae-Min,$d1945-
=245  10$aInfluences of age and transmissible gastroenteritis virus on morphology of porcine gut associated lymphoid tissues.
=260  0\$c1979.
=300  \\$a198 leaves$billus.$c29 cm.
=530  \\$aAlso available online.
=500  \\$aTypescript (Photocopy).
=500  \\$aThesis--Iowa State University of Science and Technology.
=504  \\$aIncludes bibliography.
=650  \0$aVeterinary pathology
=856  41$uhttp://proxy.lib.iastate.edu/login?url=http://gateway.proquest.com/openurl?url_ver=Z39.88-2004&rft_val_fmt=info:ofi/fmt:kev:mtx:dissertation&res_dat=xri:pqdiss&rft_dat=xri:pqdiss:7916187
=999  \\$a40168
=902  \\$axyz

