=LDR  00663nam  2200241   4500
=001  000040173
=003  BIBL
=005  19980818221100.0
=008  790326s1979\\\\iau\\\\\\\\\\\00000\eng\d
=035  9\$a40173
=035  \\$a(OCoLC)04784670
=040  \\$aIWA$cIWA
=099  \\$aISU$a1979$aB895
=100  10$aBurda, Jane Ewing.
=245  10$aResidential energy conservation and the quality of life.
=260  0\$c1979.
=300  \\$a96 .$billus.$c29 cm.
=500  \\$aTypescript (Photocopy).
=500  \\$aThesis (M.S.)-- Iowa State University of Science and Technology.
=504  \\$aIncludes bibliography.
=690  \\$aFamily environment.
=999  \\$a40173
=902  \\$axyz

