=LDR  00732nam  2200241   4500
=001  000040175
=003  BIBL
=005  19980818221200.0
=008  790326s1979\\\\iau\\\\\\\\\\\00000\eng\d
=035  9\$a40175
=035  \\$a(OCoLC)04784717
=040  \\$aIWA$cIWA
=099  \\$aISU$a1979$aG442
=100  10$aGirdner, Janet Sue.
=245  13$aAn assessment of the performance of the Ghanaian military regime (1972-1978) through its food policy, Operation Feed Yourself.
=260  0\$c1979.
=300  \\$a77 .$billus.$c29 cm.
=500  \\$aTypescript (Photocopy).
=500  \\$aThesis (M.A.)--Iowa State University of Science and Technology.
=504  \\$aIncludes bibliography.
=690  \\$aPolitical science.
=999  \\$a40175
=902  \\$axyz

