=LDR  00679nam  2200241   4500
=001  000040177
=003  BIBL
=005  19980818221200.0
=008  790326s1979\\\\iau\\\\\\\\\\\00000\eng\d
=035  9\$a40177
=035  \\$a(OCoLC)04784740
=040  \\$aIWA$cIWA
=099  \\$aISU$a1979$aV368
=100  20$aVan't Land, James Allen.
=245  10$aEconomic feasibility of solar-assisted heat pumps in Iowa.
=260  0\$c1979.
=300  \\$a70 leaves$billus.$c29 cm.
=500  \\$aTypescript (Photocopy).
=500  \\$aThesis (M.S.)-- Iowa State University of Science and Technology.
=504  \\$aIncludes bibliography.
=690  \\$aMechanical engineering
=999  \\$a40177
=902  \\$axyz

