=LDR  00753nam  2200241 i 4500
=001  000041143
=003  BIBL
=005  19980818223400.0
=008  790410r19771967miua\\\\\b\\\\00010\eng\d
=035  9\$a41143
=035  \\$a(OCoLC)04841100
=040  \\$aIWA$cIWA
=049  \\$aIWAA
=090  \\$aQK569.C47$bB34x 1977
=100  10$aBaldia, Julia de Guzman.
=245  10$aUltrastructural studies on the apex of Chara braunii Gmelin /$cby Julia de Guzman Baldia.
=260  0\$aAnn Arbor, Mich. :$bUniversity Microfilms International,$c1977.
=300  \\$av, 204 leaves :$bill. ;$c22 cm.
=500  \\$aPhotocopy.
=500  \\$aThesis--University of California, Davis, 1967.
=504  \\$aBibliography: leaves 68-76.
=650  \0$aChara braunii Gmelin.
=999  \\$a41143

