=LDR  00754nam  2200241 i 4500
=001  000041144
=003  BIBL
=005  19980818223400.0
=008  790410r19771970miua\\\\\b\\\\00010\eng\d
=035  9\$a41144
=035  \\$a(OCoLC)04841122
=040  \\$aIWA$cIWA
=049  \\$aIWAA
=090  \\$aQK569.C47$bD93x 1977
=100  10$aDyck, Lawrence Alan.
=245  10$aMorphological, chemical and developmental studies of Chara oosporangial walls /$cby Lawrence Alan Dyck.
=260  0\$aAnn Arbor, Mich. :$bUniversity Microfilms International$c1977.
=300  \\$aix, 145 leaves, 52 leaves of plates :$bill. ;$c22 cm.
=500  \\$aPhotocopy.
=500  \\$aThesis--Washington University.
=504  \\$aBibliography: leaves 130-145.
=650  \0$aChara
=999  \\$a41144

