=LDR  00791nam  2200277   4500
=001  000044206
=003  BIBL
=005  19980818234300.0
=008  730122s1930\\\\\\\\\\\\\\\\\\\\\\\\fre\u
=035  9\$a44206
=035  \\$a(OCoLC)00543557
=040  \\$cOUN$dIWA
=049  \\$aIWAA
=050  0\$aHN438.L9$bM37x
=090  \\$aHN438.L9$bM37x
=100  10$aMaríc, Sreten
=245  10$aHistoire du mouvement social sous le Second Empire a Lyon.$c[par] Sreten Maritch.
=260  0\$aParis,$bRousseau,$c1930.
=300  \\$a275 p.$c26 cm.
=500  \\$aThesis--Université de Lyon.
=502  \\$aThesis--Université de Lyon.
=504  \\$aBibliography: p. 2-7.
=650  \0$aSocial movements$zFrance.
=651  \0$aLyon (France)$xSocial conditions.
=651  \0$aLyon (France)$xHistory
=999  \\$a44206

