=LDR  01019nam  2200277 i 4500
=001  000044690
=003  BIBL
=005  19980818235400.0
=008  790608s1972\\\\vaua\\\\\b\\\f00010\eng\d
=035  9\$a44690
=035  \\$a(OCoLC)05048171
=040  \\$aIWA$cIWA
=049  \\$aIWAA
=090  \\$aE185.8$bF76x, 1972b
=100  00$aFrost, Olivia Pleasants,$d19l5-
=245  12$aA study of the effect of training upon the level of occupational aspirations and upon attitudes toward work for a group of young negro men from low income families /$cby Olivia Pleasants Frost.
=260  0\$aSpringfield, Va. :$bNational Technical Information Service,$c1972.
=300  \\$axiii, 213 p. :$bill. ;$c28 cm.
=500  \\$a"PB-210 881."
=500  \\$aPhotocopy of typescript.
=500  \\$aThesis--New York University.
=504  \\$aBibliography: p. 123-126, 143-144.
=650  \0$aAfrican Americans$xEmployment.
=650  \0$aOccupational training$zUnited States.
=650  \0$aEmployee attitude surveys$zUnited States.
=999  \\$a44690

