=LDR  00895cam  2200265   4500
=001  000045768
=003  BIBL
=005  20061128155200.0
=008  790627s1979\\\\iau\\\\\\\\\\\00000\eng\d
=035  9\$a45768
=035  \\$a(OCoLC)05112448
=040  \\$aIWA$cIWA
=099  \\$aISU$a1979$aSt87
=100  10$aStrohbehn, Kim.
=245  10$aOptimal integration of Omega and local timing signals.
=260  0\$c1979.
=300  \\$a108 .$billus.$c29 cm.
=530  \\$aAlso available online.
=500  \\$aTypescript (Photocopy)
=500  \\$aThesis--Iowa State University of Science and Technology.
=504  \\$aIncludes bibliography.
=690  \4$aElectrical engineering
=856  41$uhttp://proxy.lib.iastate.edu/login?url=http://gateway.proquest.com/openurl?url_ver=Z39.88-2004&rft_val_fmt=info:ofi/fmt:kev:mtx:dissertation&res_dat=xri:pqdiss&rft_dat=xri:pqdiss:7924273
=999  \\$a45768
=902  \\$axyz

