=LDR  00708nam  2200241   4500
=001  000045775
=003  BIBL
=005  19980819002200.0
=008  790627s1979\\\\iau\\\\\\\\\\\00000\eng\d
=035  9\$a45775
=035  \\$a(OCoLC)05112554
=040  \\$aIWA$cIWA
=099  \\$aISU$a1979$aF494
=100  10$aFink, Danny D
=245  13$aAn investigation of a method for detecting blood flow in aorto-coronary bypass grafts using ultrasound.
=260  0\$c1979.
=300  \\$a162 l.$billus.$c29 cm.
=500  \\$aTypescript (Photocopy)
=500  \\$aThesis (M.S.)--Iowa State University of Science and Technology.
=504  \\$aIncludes bibliography.
=690  \\$aBiomedical engineering
=999  \\$a45775
=902  \\$axyz

