=LDR  00660nam  2200241   4500
=001  000045776
=003  BIBL
=005  19980819002200.0
=008  790627s1979\\\\iau\\\\\\\\\\\00000\eng\d
=035  9\$a45776
=035  \\$a(OCoLC)05112567
=040  \\$aIWA$cIWA
=099  \\$aISU$a1979$aD14
=100  10$aDairo, Jacob Adebowale.
=245  10$aDevelopment of a cornstalk-fired furnace.
=260  0\$c1979.
=300  \\$a74 leaves$billus.$c29 cm.
=500  \\$aTypescript (Photocopy)
=500  \\$aThesis (M.S.)--Iowa State University of Science and Technology.
=504  \\$aIncludes bibliography.
=690  \\$aAgricultural engineering
=999  \\$a45776
=902  \\$axyz

