=LDR  00942nam  2200265   4500
=001  000045786
=003  BIBL
=005  20061121161800.0
=008  790627s1979\\\\iau\\\\\\\\\\\00000\eng\d
=035  9\$a45786
=035  \\$a(OCoLC)05112668
=040  \\$aIWA$cIWA
=099  \\$aISU$a1979$aD323
=100  10$aDawson, Karl A ,$d1951-
=245  10$aEnrichment, isolation and characterization of anaerobic oxalate-degrading bacteria from the rumen.
=260  0\$c1979.
=300  \\$a92 leaves$billus.$c29 cm.
=530  \\$aAlso available online.
=500  \\$aTypescript (Photocopy)
=500  \\$aThesis--Iowa State University of Science and Technology.
=504  \\$aIncludes bibliography.
=690  \\$aBacteriology.
=856  41$uhttp://proxy.lib.iastate.edu/login?url=http://gateway.proquest.com/openurl?url_ver=Z39.88-2004&rft_val_fmt=info:ofi/fmt:kev:mtx:dissertation&res_dat=xri:pqdiss&rft_dat=xri:pqdiss:7924237
=999  \\$a45786
=902  \\$axyz

