=LDR  00676nam  2200241   4500
=001  000045804
=003  BIBL
=005  19980819002200.0
=008  790627s1979\\\\iau\\\\\\\\\\\00000\eng\d
=035  9\$a45804
=035  \\$a(OCoLC)05113118
=040  \\$aIWA$cIWA
=099  \\$aISU$a1979$aF582
=100  10$aFitzpatrick, Susan Jean.
=245  14$aThe change agent: professionalism in organizational development.
=260  0\$c1979.
=300  \\$a80 .$billus.$c29 cm.
=500  \\$aTypescript (Photocopy)
=500  \\$aThesis (M.S.)--Iowa State University of Science and Technology.
=504  \\$aIncludes bibliography.
=690  \\$aIndustrial relations
=999  \\$a45804
=902  \\$axyz

