=LDR  01042nam  2200277   4500
=001  000045809
=003  BIBL
=005  20061121161600.0
=008  790627s1979\\\\iau\\\\\\\\\\\00000\eng\d
=035  9\$a45809
=035  \\$a(OCoLC)05113207
=040  \\$aIWA$cIWA
=049  \\$aIWAA$c1$aIWAF$c2
=099  \\$aISU$a1979$aC263
=100  10$aCasanova, Eduardo Felipe.
=245  10$aRate, placement, and source of phosphorus fertilizer effects on corn yields as influenced by weather, soil, and management variables in long-term experiments in Iowa.
=260  0\$c1979.
=300  \\$a226 .$billus.$c29 cm.
=530  \\$aAlso available online.
=500  \\$aTypescript (Photocopy)
=500  \\$aThesis--Iowa State University of Science and Technology.
=504  \\$aIncludes bibliography.
=690  \\$aSoil fertility
=856  41$uhttp://proxy.lib.iastate.edu/login?url=http://gateway.proquest.com/openurl?url_ver=Z39.88-2004&rft_val_fmt=info:ofi/fmt:kev:mtx:dissertation&res_dat=xri:pqdiss&rft_dat=xri:pqdiss:7924233
=999  \\$a45809
=902  \\$axyz

