=LDR  00719nam  2200241   4500
=001  000045810
=003  BIBL
=005  19980819002300.0
=008  790627s1979\\\\iau\\\\\\\\\\\00000\eng\d
=035  9\$a45810
=035  \\$a(OCoLC)05113212
=040  \\$aIWA$cIWA
=099  \\$aISU$a1979$aB621
=100  10$aBlocker, Rebecca Sue.
=245  10$aEnergy conservation related to selection and use of microwave ovens, refrigerators, and room air conditioners.
=260  0\$c1979.
=300  \\$a160 .$billus.$c29 cm.
=500  \\$aTypescript (Photocopy)
=500  \\$aThesis (M.S.)--Iowa State University of Science and Technology.
=504  \\$aIncludes bibliography.
=690  \\$aFamily environment.
=999  \\$a45810
=902  \\$axyz

