=LDR  00689nam  2200241   4500
=001  000047956
=003  BIBL
=005  19980819012100.0
=008  790807s1979\\\\iau\\\\\\\\\\\00000\eng\d
=035  9\$a47956
=035  \\$a(OCoLC)05248200
=040  \\$aIWA$cIWA
=099  \\$aISU$a1979$aK665
=100  10$aKlaren, Christopher Marvin.
=245  10$aPrimary dendrite spacing of directionally solidified lead rich Pb-Sn binary alloys.
=260  0\$c1979.
=300  \\$a63 .$billus.$c29 cm.
=500  \\$aTypescript (Photocopy).
=500  \\$aThesis (M.S.)--Iowa State University of Science and Technology.
=504  \\$aIncludes bibliography.
=690  \\$aMetallurgy
=999  \\$a47956
=902  \\$axyz

