=LDR  00921nam  2200265   4500
=001  000047959
=003  BIBL
=005  20061128155000.0
=008  790807s1979\\\\iau\\\\\\\\\\\00000\eng\d
=035  9\$a47959
=035  \\$a(OCoLC)05248248
=040  \\$aIWA$cIWA
=099  \\$aISU$a1979$aR355
=100  10$aRibeiro, Olimpio Crisostomo,$d1941-
=245  10$aExperimental infection of calves with Mycoplasma dispar.
=260  0\$c1979.
=300  \\$a151 leaves$billus.$c29 cm.
=530  \\$aAlso available online.
=500  \\$aTypescript (Photocopy).
=500  \\$aThesis--Iowa State University of Science and Technology.
=504  \\$aIncludes bibliography.
=650  \0$aVeterinary pathology
=856  41$uhttp://proxy.lib.iastate.edu/login?url=http://gateway.proquest.com/openurl?url_ver=Z39.88-2004&rft_val_fmt=info:ofi/fmt:kev:mtx:dissertation&res_dat=xri:pqdiss&rft_dat=xri:pqdiss:7924266
=999  \\$a47959
=902  \\$axyz

