=LDR  00699nam  2200241   4500
=001  000047962
=003  BIBL
=005  19980819012100.0
=008  790807s1979\\\\iau\\\\\\\\\\\00000\eng\d
=035  9\$a47962
=035  \\$a(OCoLC)05248287
=040  \\$aIWA$cIWA
=099  \\$aISU$a1979$aM112
=100  10$aMaassarani, Mounawar A
=245  10$aPublic sector grievances in the State of Iowa: A study of their profile and correlates.
=260  0\$c1979.
=300  \\$a157 .$billus.$c29 cm.
=500  \\$aTypescript (Photocopy).
=500  \\$aThesis (M.S.)--Iowa State University of Science and Technology.
=504  \\$aIncludes bibliography.
=690  \\$aIndustrial relations
=999  \\$a47962
=902  \\$axyz

