=LDR  00691cam  2200241   4500
=001  000047963
=003  BIBL
=005  19990312155400.0
=008  790807s1979\\\\iau\\\\\\\\\\\00000\eng\d
=035  9\$a47963
=035  \\$a(OCoLC)05248293
=040  \\$aIWA$cIWA
=099  \\$aISU$a1979$aA29
=100  10$aAdduci, Douglas John.
=245  12$aA versatile pulse programmer for pulsed nuclear magnetic resonance spectroscopy.
=260  0\$c1979.
=300  \\$a81 .$billus.$c29 cm.
=500  \\$aTypescript (Photocopy).
=500  \\$aThesis (M.S.)--Iowa State University of Science and Technology.
=504  \\$aIncludes bibliography.
=690  \4$aElectrical engineering
=999  \\$a47963
=902  \\$axyz

