=LDR  00715nam  2200241   4500
=001  000047965
=003  BIBL
=005  19980819012100.0
=008  790807s1979\\\\iau\\\\\\\\\\\00000\eng\d
=035  9\$a47965
=035  \\$a(OCoLC)05248306
=040  \\$aIWA$cIWA
=099  \\$aISU$a1979$aW491
=100  10$aWerblan, Donna Marie.
=245  10$aArtificial marshes as a means of treating wastes from a confined swine feeding unit /$cby Donna Marie Werblan.
=260  0\$c1979.
=300  \\$a119 leaves :$bill. ;$c29 cm.
=500  \\$aTypescript (Photocopy).
=500  \\$aThesis (M.S.)--Iowa State University of Science and Technology.
=504  \\$aIncludes bibliography.
=690  \\$aEcology
=999  \\$a47965
=902  \\$axyz

