=LDR  00740nam  2200253   4500
=001  000047967
=003  BIBL
=005  19980819012100.0
=008  790807s1979\\\\iau\\\\\\\\\\\00000\eng\d
=035  9\$a47967
=035  \\$a(OCoLC)05248314
=040  \\$aIWA$cIWA
=099  \\$aISU$a1979$aW833
=100  00$aWolf, Gary Alan.
=245  14$aThe effect of low oxygen partial pressure on the hot torsional strength of various refractory concretes.
=260  0\$c1979.
=300  \\$a48 leaves$billus.$c29 cm.
=500  \\$aTypescript (Photocopy).
=500  \\$aThesis (M.S.)--Iowa State University of Science and Technology.
=504  \\$aIncludes bibliography.
=690  \\$aCeramic engineering
=690  \\$aMetallurgy
=999  \\$a47967
=902  \\$axyz

