=LDR  00741nam  2200241   4500
=001  000047969
=003  BIBL
=005  19980819012100.0
=008  790807s1979\\\\iau\\\\\\\\\\\00000\eng\d
=035  9\$a47969
=035  \\$a(OCoLC)05248328
=040  \\$aIWA$cIWA
=099  \\$aISU$a1979$aW821
=100  10$aWoerdeman, Ladonna$cSister.
=245  10$aFood patterns, food expenditures, and the use of nutritional supplements among participants of a Congregate Meal Program.
=260  0\$c1979.
=300  \\$a66 leaves$billus.$c29 cm.
=500  \\$aTypescript (Photocopy).
=500  \\$aThesis (M.S.)--Iowa State University of Science and Technology.
=504  \\$aIncludes bibliography.
=690  \\$aFamily environment.
=999  \\$a47969
=902  \\$axyz

