=LDR  00730nam  2200241   4500
=001  000048039
=003  BIBL
=005  19980819012300.0
=008  790808s1979\\\\iau\\\\\\\\\\\00000\eng\d
=035  9\$a48039
=035  \\$a(OCoLC)05251709
=040  \\$aIWA$cIWA
=099  \\$aISU$a1979$aSm19
=100  10$aSmalley, Katherine Ann.
=245  14$aThe effect of training on the level of 2,3-DPG in young women cross country runners /$cby Katherine Ann Smalley.
=260  0\$c1979.
=300  \\$a71 leaves :$bill. ;$c29 cm.
=500  \\$aTypescript (Photocopy).
=500  \\$aThesis (M.S.)--Iowa State University of Science and Technology.
=504  \\$aIncludes bibliography.
=690  \\$aFood and nutrition.
=999  \\$a48039
=902  \\$axyz

