=LDR  00726nam  2200241   4500
=001  000048040
=003  BIBL
=005  19980819012300.0
=008  790808s1979\\\\iau\\\\\\\\\\\00000\eng\d
=035  9\$a48040
=035  \\$a(OCoLC)05251721
=040  \\$aIWA$cIWA
=099  \\$aISU$a1979$aV884
=100  1\$aVolker, Carol B.
=245  10$aHousehold production activities related to food and housing: consumer expenditures, savings, norms, and satisfaction.
=260  0\$c1979.
=300  \\$a98 leaves$billus.$c29 cm.
=500  \\$aTypescript (Photocopy).
=500  \\$aThesis (M.S.)--Iowa State University of Science and Technology.
=504  \\$aIncludes bibliography.
=690  \\$aFamily environment.
=999  \\$a48040
=902  \\$axyz

