=LDR  00890nam  2200265   4500
=001  000048042
=003  BIBL
=005  20061103105300.0
=008  790808s1979\\\\iau\\\\\\\\\\\00000\eng\d
=035  9\$a48042
=035  \\$a(OCoLC)05251733
=040  \\$aIWA$cIWA
=099  \\$aISU$a1979$aK58
=100  10$aKing, Albert Dunning.
=245  10$aConceptual attainment through a televised modeling event.
=260  0\$c1979.
=300  \\$a76 .$billus.$c29 cm.
=530  \\$aAlso available online.
=500  \\$aTypescript (Photocopy).
=500  \\$aThesis--Iowa State University of Science and Technology.
=504  \\$aIncludes bibliography.
=690  \\$aEducation
=856  41$uhttp://proxy.lib.iastate.edu/login?url=http://gateway.proquest.com/openurl?url_ver=Z39.88-2004&rft_val_fmt=info:ofi/fmt:kev:mtx:dissertation&res_dat=xri:pqdiss&rft_dat=xri:pqdiss:7924250
=999  \\$a48042
=902  \\$axyz

