=LDR  00681nam  2200241   4500
=001  000048044
=003  BIBL
=005  19980819012300.0
=008  790808s1979\\\\iau\\\\\\\\\\\00000\eng\d
=035  9\$a48044
=035  \\$a(OCoLC)05251785
=040  \\$aIWA$cIWA
=099  \\$aISU$a1979$aSt14
=100  10$aStahl, Mark Lloyd.
=245  14$aThe role and incidence of swarming by Proteus mirabilis in a natural environment.
=260  0\$c1979.
=300  \\$a93 .$billus.$c29 cm.
=500  \\$aTypescript (Photocopy).
=500  \\$aThesis (M.S.)--Iowa State University of Science and Technology.
=504  \\$aIncludes bibliography.
=690  \\$aBacteriology.
=999  \\$a48044
=902  \\$axyz

