=LDR  00704nam  2200241   4500
=001  000048045
=003  BIBL
=005  19980819012300.0
=008  790808s1979\\\\iau\\\\\\\\\\\00000\eng\d
=035  9\$a48045
=035  \\$a(OCoLC)05251794
=040  \\$aIWA$cIWA
=099  \\$aISU$a1979$aSt34
=100  10$aStein, Judy Beth.
=245  10$aAssessing raters' policies in evaluating proposed services for transporting the physically handicapped.
=260  0\$c1979.
=300  \\$a69 leaves$billus.$c29 cm.
=500  \\$aTypescript (Photocopy).
=500  \\$aThesis (M.S.)--Iowa State University of Science and Technology.
=504  \\$aIncludes bibliography.
=690  \\$aPsychology
=999  \\$a48045
=902  \\$axyz

