=LDR  00658cam  2200241   4500
=001  000048112
=003  BIBL
=005  19990312155400.0
=008  790809s1979\\\\iau\\\\\\\\\\\00000\eng\d
=035  9\$a48112
=035  \\$a(OCoLC)05256817
=040  \\$aIWA$cIWA
=099  \\$aISU$a1979$aIp1
=100  10$aIp, Lap-Kin.
=245  12$aA charge-coupled device cache memory for microcomputers.
=260  0\$c1979.
=300  \\$a80 .$billus.$c29 cm.
=500  \\$aTypescript (Photocopy).
=500  \\$aThesis (M.S.)--Iowa State University of Science and Technology.
=504  \\$aIncludes bibliography.
=690  \4$aElectrical engineering
=999  \\$a48112
=902  \\$axyz

