=LDR  00698nam  2200241   4500
=001  000048115
=003  BIBL
=005  19980819012500.0
=008  790809s1979\\\\iaua\\\\\\\\\\00000\eng\d
=035  9\$a48115
=035  \\$a(OCoLC)05256862
=040  \\$aIWA$cIWA
=099  \\$aISU$a1979$aAa57
=100  10$aAanonson, Donald Wayne.
=245  10$aFactors related to occupations of male graduates of the Britt Community High School.
=260  0\$c1979.
=300  \\$a97 .$billus.$c29 cm.
=500  \\$aTypescript (Photocopy).
=500  \\$aThesis (M.S.)--Iowa State University of Science and Technology.
=504  \\$aIncludes bibliography.
=690  \\$aAgricultural education
=999  \\$a48115
=902  \\$axyz

