=LDR  00676nam  2200241   4500
=001  000048116
=003  BIBL
=005  19980819012500.0
=008  790809s1979\\\\iau\\\\\\\\\\\00000\eng\d
=035  9\$a48116
=035  \\$a(OCoLC)05256878
=040  \\$aIWA$cIWA
=099  \\$aISU$a1979$aA23
=100  10$aAnderson, Michael Ervin.
=245  10$aSolar-assisted heat pump for corn drying and space heating.
=260  0\$c1979.
=300  \\$a116 .$billus.$c29 cm.
=500  \\$aTypescript (Photocopy).
=500  \\$aThesis (M.S.)--Iowa State University of Science and Technology.
=504  \\$aIncludes bibliography.
=690  \\$aAgricultural engineering
=999  \\$a48116
=902  \\$axyz

