=LDR  00731nam  2200241   4500
=001  000048327
=003  BIBL
=005  19980819013100.0
=008  790814s1979\\\\iau\\\\\\\\\\\00000\eng\d
=035  9\$a48327
=035  \\$a(OCoLC)05270322
=040  \\$aIWA$cIWA
=099  \\$aISU$a1979$aSL15
=100  10$aSlater, Virginia T.
=245  10$aCorrelations between self-concept and shyness in first, third, and fifth grade boys and girls /$cby Virginia T. Slater.
=260  0\$c1979.
=300  \\$a71 leaves :$bill. ;$c29 cm.
=500  \\$aTypescript (Photocopy).
=500  \\$aThesis (M.S.)--Iowa State University of Science and Technology.
=504  \\$aIncludes bibliography.
=690  \\$aChild development
=999  \\$a48327
=902  \\$axyz

