=LDR  00625nam  2200241   4500
=001  000048328
=003  BIBL
=005  19980819013100.0
=008  790814s1979\\\\iau\\\\\\\\\\\00000\eng\d
=035  9\$a48328
=035  \\$a(OCoLC)05270325
=040  \\$aIWA$cIWA
=099  \\$aISU$a1979$aN661
=100  10$aNoack, Max Arnold.
=245  10$aSingle crystal LaB−b6−s.
=260  0\$c1979.
=300  \\$a84 .$billus.$c29 cm.
=500  \\$aTypescript (Photocopy).
=500  \\$aThesis (M.S.)--Iowa State University of Science and Technology.
=504  \\$aIncludes bibliography.
=690  \\$aMetallurgy
=999  \\$a48328
=902  \\$axyz

