=LDR  00669nam  2200241   4500
=001  000048534
=003  BIBL
=005  19980819013700.0
=008  790816s1979\\\\iau\\\\\\\\\\\00000\eng\d
=035  9\$a48534
=035  \\$a(OCoLC)05278674
=040  \\$aIWA$cIWA
=099  \\$aISU$a1979$aP941
=100  10$aProbst, Dennis Paul.
=245  10$aAnnual energy consumption effects of windows in buildings.
=260  0\$c1979.
=300  \\$a114 leaves$billus.$c29 cm.
=500  \\$aTypescript (Photocopy).
=500  \\$aThesis (M. Arch.)--Iowa State University of Science and Technology.
=504  \\$aIncludes bibliography.
=690  \\$aArchitecture
=999  \\$a48534
=902  \\$axyz

