=LDR  00703nam  2200241   4500
=001  000048535
=003  BIBL
=005  19980819013700.0
=008  790816s1979\\\\iau\\\\\\\\\\\00000\eng\d
=035  9\$a48535
=035  \\$a(OCoLC)05278680
=040  \\$aIWA$cIWA
=099  \\$aISU$a1979$aB812
=100  10$aBrown, Douglas Linn.
=245  13$aAn analysis and preliminary design of future family-housing for the University of Northern Iowa.
=260  0\$c1979.
=300  \\$a272 p.$billus.$c29 cm.
=500  \\$aTypescript (Photocopy).
=500  \\$aThesis (M. Arch.)--Iowa State University of Science and Technology.
=504  \\$aIncludes bibliography.
=690  \\$aArchitecture
=999  \\$a48535
=902  \\$axyz

