=LDR  00682nam  2200241   4500
=001  000048536
=003  BIBL
=005  19980819013700.0
=008  790816s1979\\\\iau\\\\\\\\\\\00000\eng\d
=035  9\$a48536
=035  \\$a(OCoLC)05278703
=040  \\$aIWA$cIWA
=099  \\$aISU$a1979$aC421
=100  10$aChen, Kuang Chi.
=245  10$aApplication and validation of the MMPI to Chinese in an American university community.
=260  0\$c1979.
=300  \\$a136 .$billus.$c29 cm.
=500  \\$aTypescript (Photocopy).
=500  \\$aThesis (M.S.)--Iowa State University of Science and Technology.
=504  \\$aIncludes bibliography.
=690  \\$aPsychology
=999  \\$a48536
=902  \\$axyz

