=LDR  00732nam  2200241   4500
=001  000048537
=003  BIBL
=005  20070717095400.0
=008  790816s1979\\\\iau\\\\\\\\\\\00000\eng\d
=035  9\$a48537
=035  \\$a(OCoLC)05278712
=040  \\$aIWA$cIWA
=099  \\$aISU$a1979$aC362
=100  1\$aChang, Chiang-Nan.
=245  13$aAn experimental technique for identifying the dynamic characteristics of an open circuit hydrostatic transmission.
=260  0\$c1979.
=300  \\$a83 leaves :$billus. ;$c29 cm.
=500  \\$aTypescript (Photocopy).
=500  \\$aThesis (M.S.)--Iowa State University of Science and Technology.
=504  \\$aIncludes bibliography.
=690  \\$aMechanical engineering
=999  \\$a48537
=902  \\$axyz

