=LDR  00693nam  2200241   4500
=001  000048572
=003  BIBL
=005  19980819013800.0
=008  790816s1979\\\\iau\\\\\\\\\\\00000\eng\d
=035  9\$a48572
=035  \\$a(OCoLC)05280345
=040  \\$aIWA$cIWA
=099  \\$aISU$a1979$aH225
=100  10$aHaririan, Abolgasem.
=245  10$aLand use analysis in Tehran, Iran. /$cby Abolgasem Haririan.
=260  0\$c1979.
=300  \\$a103 leaves :$bill. ;$c29 cm.
=500  \\$aTypescript (Photocopy).
=500  \\$aThesis (M.C.R.P.)--Iowa State University of Science and Technology.
=504  \\$aIncludes bibliography.
=690  \\$aCommunity and regional planning.
=999  \\$a48572
=902  \\$axyz

