=LDR  00697nam  2200241   4500
=001  000048869
=003  BIBL
=005  19980819014700.0
=008  790823n1979\\\\iau\\\\\\\\\\\00000\eng\d
=035  9\$a48869
=035  \\$a(OCoLC)05302014
=040  \\$aIWA$cIWA
=099  \\$aISU$a1979$aC328
=100  10$aCegielski, Margaret Zofia.
=245  10$aLiking, sexual attraction and attributions of seductiveness in a counseling analogue study .
=260  0\$c1979.
=300  \\$a80 .$billus.$c29 cm.
=500  \\$aTypescript (Photocopy).
=500  \\$aThesis (M.S.)--Iowa State University of Science and Technology.
=504  \\$aIncludes bibliography.
=690  \\$aPsychology
=999  \\$a48869
=902  \\$axyz

