=LDR  00703nam  2200241   4500
=001  000048870
=003  BIBL
=005  19980819014700.0
=008  790823n1979\\\\iau\\\\\\\\\\\00000\eng\d
=035  9\$a48870
=035  \\$a(OCoLC)05302030
=040  \\$aIWA$cIWA
=099  \\$aISU$a1979$aB433
=100  10$aBedri, AbdelRahman AbdelKareem.
=245  10$aPerformance of some man-machine systems at Iowa State University Farm Service.
=260  0\$c1979.
=300  \\$a143 .$billus.$c29 cm.
=500  \\$aTypescript (Photocopy).
=500  \\$aThesis (M.S.)--Iowa State University of Science and Technology.
=504  \\$aIncludes bibliography.
=690  \\$aAgricultural engineering
=999  \\$a48870
=902  \\$axyz

