=LDR  00722cam  2200241   4500
=001  000048872
=003  BIBL
=005  19981208172000.0
=008  790823s1979\\\\iau\\\\\\\\\\\00000\eng\d
=035  9\$a48872
=035  \\$a(OCoLC)05302074
=040  \\$aIWA$cIWA
=099  \\$aISU$a1979$aW973
=100  10$aWydeven, Paula Rogers.
=245  12$aA comparison of prairie dog stomach and fecal material with a microhistological technique /$cby Paula Rogers Wydeven.
=260  0\$c1979.
=300  \\$a50 leaves :$bill. ;$c29 cm.
=500  \\$aTypescript (Photocopy).
=500  \\$aThesis (M.S.)--Iowa State University of Science and Technology.
=504  \\$aIncludes bibliography.
=690  \\$aEcology
=999  \\$a48872
=902  \\$axyz

