=LDR  00723nam  2200241   4500
=001  000048873
=003  BIBL
=005  19980819014700.0
=008  790823s1979\\\\iau\\\\\\\\\\\00000\eng\d
=035  9\$a48873
=035  \\$a(OCoLC)05302082
=040  \\$aIWA$cIWA
=099  \\$aISU$a1979$aW972
=100  10$aWydeven, Adrian P.
=245  10$aFood habits and ecological relationships of elk to other herbivores with Wind Cave National Park /$cby Adrain P. Wydeven.
=260  0\$c1979.
=300  \\$a208 leaves :$bill. ;$c29 cm.
=500  \\$aTypescript (Photocopy).
=500  \\$aThesis (M.S.)--Iowa State University of Science and Technology.
=504  \\$aIncludes bibliography.
=690  \\$aEcology
=999  \\$a48873
=902  \\$axyz

