=LDR  00646nam  2200241   4500
=001  000048875
=003  BIBL
=005  19980819014700.0
=008  790823s1979\\\\iau\\\\\\\\\\\00000\eng\d
=035  9\$a48875
=035  \\$a(OCoLC)05302102
=040  \\$aIWA$cIWA
=099  \\$aISU$a1979$aK86
=100  10$aKramer, Paul Maurice.
=245  10$aSilver mining at Cerro de Pasco, Peru, 1630-1897.
=260  0\$c1979.
=300  \\$a130 .$billus.$c29 cm.
=500  \\$aTypescript (Photocopy).
=500  \\$aThesis (M.A.)--Iowa State University of Science and Technology.
=504  \\$aIncludes bibliography.
=690  \\$aHistory
=999  \\$a48875
=902  \\$axyz

