=LDR  00724nam  2200241   4500
=001  000048877
=003  BIBL
=005  19991104094700.0
=008  790823n1979\\\\iau\\\\\\\\\\\00000\eng\d
=035  9\$a48877
=035  \\$a(OCoLC)05302137
=040  \\$aIWA$cIWA
=099  \\$aISU$a1979$aB233
=100  00$aBarber, Judith.
=245  10$aObjective evaluation of an experimental training program in sanitation for restaurant managers.
=260  0\$c1979.
=300  \\$a147 .$billus.$c29 cm.
=500  \\$aTypescript (Photocopy).
=500  \\$aThesis (M.S.)--Iowa State University of Science and Technology.
=504  \\$aIncludes bibliography.
=690  \\$aAssociations, institutions, etc.$xManagement
=999  \\$a48877
=902  \\$axyz

