=LDR  00941nam  2200265   4500
=001  000049354
=003  BIBL
=005  20061103105500.0
=008  790830s1979\\\\iau\\\\\\\\\\\00000\eng\d
=035  9\$a49354
=035  \\$a(OCoLC)05327171
=040  \\$aIWA$cIWA
=099  \\$aISU$a1979$aSh24
=100  10$aSharshar, Abdel-Hameed Amin,$d1944-
=245  10$aEvaluation criteria for the process of planning county extension programs.
=260  0\$c1979.
=300  \\$a165 leaves$billus.$c29 cm.
=530  \\$aAlso available online.
=500  \\$aTypescript (Photocopy).
=500  \\$aThesis--Iowa State University of Science and Technology.
=504  \\$aIncludes bibliography.
=690  \\$aAgricultural education
=856  41$uhttp://proxy.lib.iastate.edu/login?url=http://gateway.proquest.com/openurl?url_ver=Z39.88-2004&rft_val_fmt=info:ofi/fmt:kev:mtx:dissertation&res_dat=xri:pqdiss&rft_dat=xri:pqdiss:7924270
=999  \\$a49354
=902  \\$axyz

