=LDR  00977nam  2200265   4500
=001  000049356
=003  BIBL
=005  20061103105400.0
=008  790830s1979\\\\iau\\\\\\\\\\\00000\eng\d
=035  9\$a49356
=035  \\$a(OCoLC)05327225
=040  \\$aIWA$cIWA
=099  \\$aISU$a1979$aSch82
=100  00$aSchultz, William Rinehart,$d1941-
=245  14$aThe impact of short-term capital flows and balance of payments fluctuations on monetary policy: an empirical study of Japan.
=260  0\$c1979.
=300  \\$a125 leaves$billus.$c29 cm.
=530  \\$aAlso available online.
=500  \\$aTypescript (Photocopy).
=500  \\$aThesis--Iowa State University of Science and Technology.
=504  \\$aIncludes bibliography.
=690  \\$aEconomics
=856  41$uhttp://proxy.lib.iastate.edu/login?url=http://gateway.proquest.com/openurl?url_ver=Z39.88-2004&rft_val_fmt=info:ofi/fmt:kev:mtx:dissertation&res_dat=xri:pqdiss&rft_dat=xri:pqdiss:7924269
=999  \\$a49356
=902  \\$axyz

