=LDR  00810nam  2200253   4500
=001  000049464
=003  BIBL
=005  19980819020300.0
=008  790904s1979\\\\iau\\\\\\\\\\\00000\eng\d
=035  9\$a49464
=035  \\$a(OCoLC)05338951
=040  \\$aIWA$cIWA
=099  \\$aISU$a1979$aF827
=100  20$aFournier Angel, Ricardo.
=245  14$aThe purification and characterization of an endo-xylanase from Aspergillus niger /$cby Ricardo Fournier Angel
=260  0\$c1979.
=300  \\$a115 leaves :$bill. ;$c29 cm.
=500  \\$aThesis (M.S.)--Iowa State University of Science and Technology.
=500  \\$aTypescript (Photocopy).
=502  \\$aThesis (M.S.)--Iowa State University of Science and Technology.
=504  \\$aIncludes bibliography.
=650  \0$aChemical engineering
=999  \\$a49464
=902  \\$axyz

