=LDR  00705nam  2200241   4500
=001  000049466
=003  BIBL
=005  19980819020300.0
=008  790904s1979\\\\iau\\\\\\\\\\\00000\eng\d
=035  9\$a49466
=035  \\$a(OCoLC)05338985
=040  \\$aIWA$cIWA
=099  \\$aISU$a1979$aD287
=100  10$aDavies, Edward Bryan.
=245  12$aA study of the survival of Aujeszky's Disease (pseudorabies) virus outside the living host.
=260  0\$c1979.
=300  \\$a104 .$billus.$c29 cm.
=500  \\$aTypescript (Photocopy).
=500  \\$aThesis (M.S.)--Iowa State University of Science and Technology.
=504  \\$aIncludes bibliography.
=690  \\$aVeterinary microbiology
=999  \\$a49466
=902  \\$axyz

