=LDR  00685nam  2200241   4500
=001  000049467
=003  BIBL
=005  19980819020300.0
=008  790904s1979\\\\iau\\\\\\\\\\\00000\eng\d
=035  9\$a49467
=035  \\$a(OCoLC)05339006
=040  \\$aIWA$cIWA
=099  \\$aISU$a1979$aD133
=100  10$aDagitz, Constance Hanson.
=245  10$aLife satisfaction of metropolitan and non-metropolitan adolescents.
=260  0\$c1979.
=300  \\$a72 leaves$billus.$c29 cm.
=500  \\$aTypescript (Photocopy).
=500  \\$aThesis (M.S.)--Iowa State University of Science and Technology.
=504  \\$aIncludes bibliography.
=690  \\$aFamily environment.
=999  \\$a49467
=902  \\$axyz

