=LDR  00711nam  2200241   4500
=001  000049470
=003  BIBL
=005  19980819020300.0
=008  790904s1979\\\\iau\\\\\\\\\\\00000\eng\d
=035  9\$a49470
=035  \\$a(OCoLC)05339029
=040  \\$aIWA$cIWA
=099  \\$aISU$a1979$aB451
=100  10$aBercher, David William.
=245  12$aA design and development proposal for the adaptive reuse of the Bison Building in St. Paul, Minnesota.
=260  0\$c1979.
=300  \\$a187 .$billus.$c29 cm.
=500  \\$aTypescript (Photocopy).
=500  \\$aThesis (M. Arch.)--Iowa State University of Science and Technology.
=504  \\$aIncludes bibliography.
=690  \\$aArchitecture
=999  \\$a49470
=902  \\$axyz

