=LDR  00930nam  2200265   4500
=001  000049471
=003  BIBL
=005  20061129100700.0
=008  790904s1979\\\\iau\\\\\\\\\\\00000\eng\d
=035  9\$a49471
=035  \\$a(OCoLC)05339043
=040  \\$aIWA$cIWA
=099  \\$aISU$a1979$aD139
=100  10$aDahm, Paul Frederick,$d1951-
=245  10$aEstimation of the parameters of the multivariate linear errors in variables model.
=260  0\$c1979.
=300  \\$a165 leaves$billus.$c29 cm.
=530  \\$aAlso available online.
=500  \\$aTypescript (Photocopy).
=500  \\$aThesis--Iowa State University of Science and Technology.
=504  \\$aIncludes bibliography.
=690  \\$aStatistics
=856  41$uhttp://proxy.lib.iastate.edu/login?url=http://gateway.proquest.com/openurl?url_ver=Z39.88-2004&rft_val_fmt=info:ofi/fmt:kev:mtx:dissertation&res_dat=xri:pqdiss&rft_dat=xri:pqdiss:8000124
=999  \\$a49471
=902  \\$axyz

