=LDR  00701nam  2200241   4500
=001  000049472
=003  BIBL
=005  19980819020300.0
=008  790904s1979\\\\iau\\\\\\\\\\\00000\eng\d
=035  9\$a49472
=035  \\$a(OCoLC)05339071
=040  \\$aIWA$cIWA
=099  \\$aISU$a1979$aB466
=100  00$aBetancourt, Walter.
=245  10$aModeling of the dynamic performance of a heating, ventilating and air conditioning system.
=260  0\$c1979.
=300  \\$a121 .$billus.$c29 cm.
=500  \\$aTypescript (Photocopy).
=500  \\$aThesis (M.S.)--Iowa State University of Science and Technology.
=504  \\$aIncludes bibliography.
=690  \\$aMechanical engineering
=999  \\$a49472
=902  \\$axyz

