=LDR  00685nam  2200241   4500
=001  000049578
=003  BIBL
=005  19980819020600.0
=008  790906s1979\\\\iau\\\\\\\\\\\00000\eng\d
=035  9\$a49578
=035  \\$a(OCoLC)05345193
=040  \\$aIWA$cIWA
=099  \\$aISU$a1979$aH427
=100  10$aHerman, Steven Richard.
=245  10$aSubsidized scattered-site housing for the independent elderly in Boone, Iowa.
=260  0\$c1979.
=300  \\$a197 .$billus.$c29 cm.
=500  \\$aTypescript (Photocopy).
=500  \\$aThesis (M.Arch.)--Iowa State University of Science and Technology.
=504  \\$aIncludes bibliography.
=690  \\$aArchitecture
=999  \\$a49578
=902  \\$axyz

