=LDR  00941nam  2200313   4500
=001  000049594
=003  BIBL
=005  19980819020600.0
=008  790906s1968\\\\iau\\\\\\\\\\\00000\eng\d
=035  9\$a49594
=035  \\$a(OCoLC)05346673
=040  \\$aIWA$cIWA
=049  \\$aIWAA$c1$aIWAV$c2
=050  0\$aSF971$b.Os9t
=090  \\$aSF971$b.Os9t
=100  10$aOsweiler, Gary D.
=245  10$aToxicologic effects of redroot pigweed (Amaranthus retroflexus) in swine.
=260  1\$c1968.
=300  \\$aii, 97 p.$billus.$c29 cm.
=500  \\$aTypescript (Photocopy).
=500  \\$aThesis (M.S.)--Iowa State University of Science and Technology.
=502  \\$aThesis (M.S.)--Iowa State University of Science and Technology.
=504  \\$aIncludes bibliography.
=533  \\$aTypescript (Photocopy).
=690  \\$aSwine$xDiseases
=690  \\$aAmaranthus retroflexus.
=690  \\$aLivestock poisoning plants
=999  \\$a49594
=902  \\$axyz

