=LDR  00685nam  2200241   4500
=001  000049766
=003  BIBL
=005  19980819021100.0
=008  790910s1979\\\\iau\\\\\\\\\\\00000\eng\d
=035  9\$a49766
=035  \\$a(OCoLC)05357801
=040  \\$aIWA$cIWA
=099  \\$aISU$a1979$aL615
=100  10$aLiberty, T. Edward.
=245  13$aAn application of unequal probability sampling for the National Rice Survey in Liberia.
=260  0\$c1979.
=300  \\$a82 .$billus.$c29 cm.
=500  \\$aTypescript (Photocopy).
=500  \\$aThesis (M.S.)--Iowa State University of Science and Technology.
=504  \\$aIncludes bibliography.
=690  \\$aStatistics
=999  \\$a49766
=902  \\$axyz

