=LDR  00692nam  2200241   4500
=001  000049769
=003  BIBL
=005  19980819021100.0
=008  790910s1979\\\\iau\\\\\\\\\\\00000\eng\d
=035  9\$a49769
=035  \\$a(OCoLC)05357810
=040  \\$aIWA$cIWA
=099  \\$aISU$a1979$aZ63
=100  00$aZiegler, Robert Paul.
=245  10$aEconomic evaluation of augmented surfaces in waste heat recuperator design.
=260  0\$c1979.
=300  \\$a200 leaves$billus.$c29 cm.
=500  \\$aTypescript (Photocopy).
=500  \\$aThesis (M.S.)--Iowa State University of Science and Technology.
=504  \\$aIncludes bibliography.
=690  \\$aMechanical engineering
=999  \\$a49769
=902  \\$axyz

