=LDR  00950nam  2200265   4500
=001  000049775
=003  BIBL
=005  20061129100900.0
=008  790910s1979\\\\iau\\\\\\\\\\\00000\eng\d
=035  9\$a49775
=035  \\$a(OCoLC)05357858
=040  \\$aIWA$cIWA
=099  \\$aISU$a1979$aEs94
=100  00$aEsworthy, Steven,$d1951-
=245  14$aThe expression of the [Bgl] genetic complex during preimplantation mouse embryogenesis and in ovulated eggs.
=260  0\$c1979.
=300  \\$a113 leaves$billus.$c29 cm.
=530  \\$aAlso available online.
=500  \\$aTypescript (Photocopy).
=500  \\$aThesis--Iowa State University of Science and Technology.
=504  \\$aIncludes bibliography.
=690  \\$aGenetics
=856  41$uhttp://proxy.lib.iastate.edu/login?url=http://gateway.proquest.com/openurl?url_ver=Z39.88-2004&rft_val_fmt=info:ofi/fmt:kev:mtx:dissertation&res_dat=xri:pqdiss&rft_dat=xri:pqdiss:8000130
=999  \\$a49775
=902  \\$axyz

