=LDR  00739nam  2200241   4500
=001  000049776
=003  BIBL
=005  19980819021100.0
=008  790910s1979\\\\iau\\\\\\\\\\\00000\eng\d
=035  9\$a49776
=035  \\$a(OCoLC)05357865
=040  \\$aIWA$cIWA
=099  \\$aISU$a1979$aB148
=100  10$aBahr, Daniel Steven.
=245  13$aAn analysis of greenhouse, aquacultural, biomass and other applications in the utilization of waste heat from steam electric power plants.
=260  0\$c1979.
=300  \\$a216 p.$billus.$c29 cm.
=500  \\$aTypescript (Photocopy).
=500  \\$aThesis (M.S.)--Iowa State University of Science and Technology.
=504  \\$aIncludes bibliography.
=690  \\$aWaste heat
=999  \\$a49776
=902  \\$axyz

