=LDR  00885nam  2200265   4500
=001  000049778
=003  BIBL
=005  20061129100500.0
=008  790910s1979\\\\iau\\\\\\\\\\\00000\eng\d
=035  9\$a49778
=035  \\$a(OCoLC)05357881
=040  \\$aIWA$cIWA
=099  \\$aISU$a1979$aC36
=100  10$aChan, Wing-Kwong,$d1949-
=245  12$aA quadratic-based modified projection method.
=260  0\$c1979.
=300  \\$a110 .$billus.$c29 cm.
=530  \\$aAlso available online.
=500  \\$aTypescript (Photocopy).
=500  \\$aThesis--Iowa State University of Science and Technology.
=504  \\$aIncludes bibliography.
=690  \\$aMathematics.
=856  41$uhttp://proxy.lib.iastate.edu/login?url=http://gateway.proquest.com/openurl?url_ver=Z39.88-2004&rft_val_fmt=info:ofi/fmt:kev:mtx:dissertation&res_dat=xri:pqdiss&rft_dat=xri:pqdiss:8000121
=999  \\$a49778
=902  \\$axyz

