=LDR  00744nam  2200241   4500
=001  000049940
=003  BIBL
=005  19980819021600.0
=008  790912s1979\\\\iau\\\\\\\\\\\00000\eng\d
=035  9\$a49940
=035  \\$a(OCoLC)05365214
=040  \\$aIWA$cIWA
=099  \\$aISU$a1979$aW244
=100  10$aWarner, Fred Douglass,
=245  10$aField evaluation of the effect of aluminosilicate on wastewater treatment in trickling filter plants /$cby Fred Douglass Warner.
=260  0\$c1979.
=300  \\$a497 leaves :$bill. ;$c29 cm.
=500  \\$aTypescript (Photocopy).
=500  \\$aThesis (M.S.)--Iowa State University of Science and Technology.
=504  \\$aIncludes bibliography.
=650  \0$aCivil engineering
=999  \\$a49940
=902  \\$axyz

