=LDR  00922nam  2200265   4500
=001  000049943
=003  BIBL
=005  20061128155300.0
=008  790912s1979\\\\iau\\\\\\\\\\\00000\eng\d
=035  9\$a49943
=035  \\$a(OCoLC)05365246
=040  \\$aIWA$cIWA
=099  \\$aISU$a1979$aV522
=100  20$aVega O., Urbano A.
=245  10$aInheritance of quantitative traits in inter and intraspecific crosses of barley.
=260  0\$c1979.
=300  \\$a105 leaves$billus.$c29 cm.
=530  \\$aAlso available online.
=500  \\$aTypescript (Photocopy).
=500  \\$aThesis--Iowa State University of Science and Technology.
=504  \\$aIncludes bibliography.
=650  \0$aPlant breeding
=856  41$uhttp://proxy.lib.iastate.edu/login?url=http://gateway.proquest.com/openurl?url_ver=Z39.88-2004&rft_val_fmt=info:ofi/fmt:kev:mtx:dissertation&res_dat=xri:pqdiss&rft_dat=xri:pqdiss:7924274
=999  \\$a49943
=902  \\$axyz

