=LDR  00716nam  2200241   4500
=001  000049947
=003  BIBL
=005  19980819021600.0
=008  790912s1979\\\\iau\\\\\\\\\\\00000\eng\d
=035  9\$a49947
=035  \\$a(OCoLC)05365280
=040  \\$aIWA$cIWA
=099  \\$aISU$a1979$aK933
=100  10$aKruckenberg, Duane William.
=245  10$aAttitudes toward agricultural occupations employment experience program at Iowa Falls High School.
=260  0\$c1979.
=300  \\$a75 .$billus.$c29 cm.
=500  \\$aTypescript (Photocopy).
=500  \\$aThesis (M.S.)--Iowa State University of Science and Technology.
=504  \\$aIncludes bibliography.
=690  \\$aAgricultural education
=999  \\$a49947
=902  \\$axyz

