=LDR  00716nam  2200241   4500
=001  000049956
=003  BIBL
=005  19980819021600.0
=008  790912s1979\\\\iau\\\\\\\\\\\00000\eng\d
=035  9\$a49956
=035  \\$a(OCoLC)05365374
=040  \\$aIWA$cIWA
=099  \\$aISU$a1979$aB465
=100  10$aBeswick, Mark Zenor.
=245  14$aThe social costs of producing electricity from coal and nuclear power plants: a materials balance approach.
=260  0\$c1979.
=300  \\$a80 .$billus.$c29 cm.
=500  \\$aTypescript (Photocopy).
=500  \\$aThesis (M.S.)--Iowa State University of Science and Technology.
=504  \\$aIncludes bibliography.
=690  \\$aElectric engineering
=999  \\$a49956
=902  \\$axyz

