=LDR  00724nam  2200241   4500
=001  000049958
=003  BIBL
=005  19980819021600.0
=008  790912s1979\\\\iau\\\\\\\\\\\00000\eng\d
=035  9\$a49958
=035  \\$a(OCoLC)05365390
=040  \\$aIWA$cIWA
=099  \\$aISU$a1979$aD252
=100  10$aDarrah, Mark Irwin.
=245  10$aCardiac responses to L-isoproterenol induced myocardial infarction in sedentary and treadmill exercised rats.
=260  0\$c1979.
=300  \\$a76 leaves$billus.$c29 cm.
=500  \\$aTypescript (Photocopy).
=500  \\$aThesis (M.S.)--Iowa State University of Science and Technology.
=504  \\$aIncludes bibliography.
=690  \\$aBiomedical engineering
=999  \\$a49958
=902  \\$axyz

