=LDR  00670nam  2200241   4500
=001  000049960
=003  BIBL
=005  19980819021600.0
=008  790912s1979\\\\iau\\\\\\\\\\\00000\eng\d
=035  9\$a49960
=035  \\$a(OCoLC)05365402
=040  \\$aIWA$cIWA
=099  \\$aISU$a1979$aG331
=100  10$aGeske, John George.
=245  13$aAn order preserving memory implementation for tree structures.
=260  0\$c1979.
=300  \\$a45 .$billus.$c29 cm.
=500  \\$aTypescript (Photocopy).
=500  \\$aThesis (M.S.)--Iowa State University of Science and Technology.
=504  \\$aIncludes bibliography.
=690  \\$aElectric engineering
=999  \\$a49960
=902  \\$axyz

