=LDR  00666nam  2200241   4500
=001  000049964
=003  BIBL
=005  19980819021600.0
=008  790912s1979\\\\iau\\\\\\\\\\\00000\eng\d
=035  9\$a49964
=035  \\$a(OCoLC)05365452
=040  \\$aIWA$cIWA
=099  \\$aISU$a1979$aEt37
=100  10$aEthington, Richard Dale.
=245  14$aThe video display as a computer-human interface.
=260  0\$c1979.
=300  \\$a82 leaves$billus.$c29 cm.
=500  \\$aTypescript (Photocopy).
=500  \\$aThesis (M.S.)--Iowa State University of Science and Technology.
=504  \\$aIncludes bibliography.
=690  \\$aElectric engineering
=999  \\$a49964
=902  \\$axyz

