=LDR  00703nam  2200241   4500
=001  000049967
=003  BIBL
=005  19980819021600.0
=008  790912s1979\\\\iau\\\\\\\\\\\00000\eng\d
=035  9\$a49967
=035  \\$a(OCoLC)05365491
=040  \\$aIWA$cIWA
=099  \\$aISU$a1979$aSk96
=100  10$aSkyrms, Martha Ristine.
=245  14$aThe literary heroes of Fitzgerald and Hemingway ; Updike and Bellow /$cby Martha Ristine Skyrms.
=260  0\$c1979.
=300  \\$a108 leaves :$bill. ;$c29 cm.
=500  \\$aTypescript (Photocopy).
=500  \\$aThesis (M.A.)--Iowa State University of Science and Technology.
=504  \\$aIncludes bibliography.
=690  \\$aEnglish
=999  \\$a49967
=902  \\$axyz

