=LDR  00749nam  2200241   4500
=001  000049969
=003  BIBL
=005  19980819021700.0
=008  790912s1979\\\\iau\\\\\\\\\\\00000\eng\d
=035  9\$a49969
=035  \\$a(OCoLC)05365509
=040  \\$aIWA$cIWA
=099  \\$aISU$a1979$aC439
=100  00$aChilukuri, Radhakrishna.
=245  12$aA calculation procedure for the partially parabolized Navier-Stokes equations in primitive variables for steady two-dimensional flow.
=260  0\$c1979.
=300  \\$a129 .$billus.$c29 cm.
=500  \\$aTypescript (Photocopy).
=500  \\$aThesis (M.S.)--Iowa State University of Science and Technology.
=504  \\$aIncludes bibliography.
=690  \\$aMechanical engineering
=999  \\$a49969
=902  \\$axyz

