=LDR  00691nam  2200241   4500
=001  000049972
=003  BIBL
=005  19980819021700.0
=008  790912s1979\\\\iau\\\\\\\\\\\00000\eng\d
=035  9\$a49972
=035  \\$a(OCoLC)05365553
=040  \\$aIWA$cIWA
=099  \\$aISU$a1979$aB788
=100  10$aBromert, Jean Marie.
=245  10$aMicroclimate modifications and their effect on early and total yield of 'Bigset' tomatoes.
=260  0\$c1979.
=300  \\$a49 .$billus.$c29 cm.
=500  \\$aTypescript (Photocopy).
=500  \\$aThesis (M.S.)--Iowa State University of Science and Technology.
=504  \\$aIncludes bibliography.
=690  \\$aHorticulture
=999  \\$a49972
=902  \\$axyz

