=LDR  00935nam  2200265   4500
=001  000050532
=003  BIBL
=005  20061129103300.0
=008  790919s1979\\\\iau\\\\\\\\\\\00000\eng\d
=035  9\$a50532
=035  \\$a(OCoLC)05390523
=040  \\$aIWA$cIWA
=099  \\$aISU$a1979$aG767
=100  10$aGrant, Michael Arthur.
=245  12$aA testing program to determine the effects of pesticides on environmentally important bacteria.
=260  0\$c1979.
=300  \\$a135 .$billus.$c29 cm.
=530  \\$aAlso available online.
=500  \\$aTypescript (Photocopy).
=500  \\$aThesis--Iowa State University of Science and Technology.
=504  \\$aIncludes bibliography.
=690  \\$aBacteriology.
=856  41$uhttp://proxy.lib.iastate.edu/login?url=http://gateway.proquest.com/openurl?url_ver=Z39.88-2004&rft_val_fmt=info:ofi/fmt:kev:mtx:dissertation&res_dat=xri:pqdiss&rft_dat=xri:pqdiss:8000136
=999  \\$a50532
=902  \\$axyz

