=LDR  00708nam  2200241   4500
=001  000050534
=003  BIBL
=005  19991104094700.0
=008  790919s1979\\\\iau\\\\\\\\\\\00000\eng\d
=035  9\$a50534
=035  \\$a(OCoLC)05390527
=040  \\$aIWA$cIWA
=099  \\$aISU$a1979$aF623
=100  00$aFleck, Martha Louise.
=245  10$aAssessment of selected sanitation conditions and practices in restaurants.
=260  0\$c1979.
=300  \\$a84 .$billus.$c29 cm.
=500  \\$aTypescript (Photocopy).
=500  \\$aThesis (M.S.)--Iowa State University of Science and Technology.
=504  \\$aIncludes bibliography.
=690  \\$aAssociations, institutions, etc.$xManagement
=999  \\$a50534
=902  \\$axyz

