=LDR  00984nam  2200265   4500
=001  000050535
=003  BIBL
=005  20061103110300.0
=008  790919s1979\\\\iau\\\\\\\\\\\00000\eng\d
=035  9\$a50535
=035  \\$a(OCoLC)05390530
=040  \\$aIWA$cIWA
=099  \\$aISU$a1979$aH565
=100  10$aHilton, James William,$d1947-
=245  10$aPerceptions of vocational agriculture instructors and superintendents concerning vocational agriculture summer programs in Iowa.
=260  0\$c1979.
=300  \\$a137 .$billus.$c29 cm.
=530  \\$aAlso available online.
=500  \\$aTypescript (Photocopy).
=500  \\$aThesis--Iowa State University of Science and Technology.
=504  \\$aIncludes bibliography.
=690  \\$aAgricultural education
=856  41$uhttp://proxy.lib.iastate.edu/login?url=http://gateway.proquest.com/openurl?url_ver=Z39.88-2004&rft_val_fmt=info:ofi/fmt:kev:mtx:dissertation&res_dat=xri:pqdiss&rft_dat=xri:pqdiss:8000139
=999  \\$a50535
=902  \\$axyz

