=LDR  00711nam  2200241   4500
=001  000050536
=003  BIBL
=005  19980819023200.0
=008  790919s1979\\\\iau\\\\\\\\\\\00000\eng\d
=035  9\$a50536
=035  \\$a(OCoLC)05390534
=040  \\$aIWA$cIWA
=099  \\$aISU$a1979$aN482
=100  10$aNewton, Delois Lindsay.
=245  10$aManagerial behavior, goal achievement, satisfaction with managerial behavior, and life satisfaction.
=260  0\$c1979.
=300  \\$a64 .$billus.$c29 cm.
=500  \\$aTypescript (Photocopy).
=500  \\$aThesis (M.S.)--Iowa State University of Science and Technology.
=504  \\$aIncludes bibliography.
=690  \\$aFamily environment.
=999  \\$a50536
=902  \\$axyz

