=LDR  00688nam  2200241   4500
=001  000050537
=003  BIBL
=005  19980819023200.0
=008  790919s1979\\\\iau\\\\\\\\\\\00000\eng\d
=035  9\$a50537
=035  \\$a(OCoLC)05390539
=040  \\$aIWA$cIWA
=099  \\$aISU$a1979$aN337
=100  10$aNelson, Robin Elizabeth
=245  10$aSexism in the employment interview :$beffects on modeling and perceptions.
=260  0\$c1979.
=300  \\$a83 leaves :$bill. ;$c29 cm.
=500  \\$aTypescript (Photocopy).
=500  \\$aThesis (M.S.)--Iowa State University of Science and Technology,1979.
=504  \\$aIncludes bibliography.
=690  \\$aPsychology
=999  \\$a50537
=902  \\$axyz

