=LDR  00687nam  2200241   4500
=001  000050538
=003  BIBL
=005  19980819023200.0
=008  790919s1979\\\\iau\\\\\\\\\\\00000\eng\d
=035  9\$a50538
=035  \\$a(OCoLC)05390540
=040  \\$aIWA$cIWA
=099  \\$aISU$a1979$aR293
=100  10$aReneker, Douglas Alan.
=245  12$aA system for the automatic routing of conductors on a printed circuit board.
=260  0\$c1979.
=300  \\$a71 .$billus.$c29 cm.
=500  \\$aTypescript (Photocopy).
=500  \\$aThesis (M.S.)--Iowa State University of Science and Technology.
=504  \\$aIncludes bibliography.
=690  \\$aElectric engineering
=999  \\$a50538
=902  \\$axyz

