=LDR  00725nam  2200241   4500
=001  000050559
=003  BIBL
=005  19980819023300.0
=008  790920s1979\\\\iau\\\\\\\\\\\00000\eng\d
=035  9\$a50559
=035  \\$a(OCoLC)05391490
=040  \\$aIWA$cIWA
=099  \\$aISU$a1979$aR79
=100  10$aRowe, Andrew Ellison.
=245  10$aImportance of occupational tasks as perceived by Arizona and Utah principals and vocational agriculture teachers.
=260  0\$c1979.
=300  \\$a125 .$billus.$c29 cm.
=500  \\$aTypescript (Photocopy).
=500  \\$aThesis (M.S.)--Iowa State University of Science and Technology.
=504  \\$aIncludes bibliography.
=690  \\$aAgricultural education
=999  \\$a50559
=902  \\$axyz

