=LDR  00737nam  2200241   4500
=001  000050562
=003  BIBL
=005  19980819023300.0
=008  790920s1979\\\\iau\\\\\\\\\\\00000\eng\d
=035  9\$a50562
=035  \\$a(OCoLC)05391532
=040  \\$aIWA$cIWA
=099  \\$aISU$a1979$aSch25
=100  00$aScheier, Lawrence Marvin.
=245  10$aTheoretical and experimental performance of a compound parabolic concentrator for several absorber configurations.
=260  0\$c1979.
=300  \\$a203 leaves$billus.$c29 cm.
=500  \\$aTypescript (Photocopy).
=500  \\$aThesis (M.S.)--Iowa State University of Science and Technology.
=504  \\$aIncludes bibliography.
=690  \\$aMechanical engineering
=999  \\$a50562
=902  \\$axyz

