=LDR  00919nam  2200265   4500
=001  000050563
=003  BIBL
=005  20061128155100.0
=008  790920s1979\\\\iau\\\\\\\\\\\00000\eng\d
=035  9\$a50563
=035  \\$a(OCoLC)05391552
=040  \\$aIWA$cIWA
=099  \\$aISU$a1979$aSh92
=100  10$aShultz, Richard Dean,$d1951-
=245  10$aHarmonic current propogation on AC systems due to HVDC links.
=260  0\$c1979.
=300  \\$a129 leaves$billus.$c29 cm.
=530  \\$aAlso available online.
=500  \\$aTypescript (Photocopy).
=500  \\$aThesis--Iowa State University of Science and Technology.
=504  \\$aIncludes bibliography.
=690  \\$aElectric engineering
=856  41$uhttp://proxy.lib.iastate.edu/login?url=http://gateway.proquest.com/openurl?url_ver=Z39.88-2004&rft_val_fmt=info:ofi/fmt:kev:mtx:dissertation&res_dat=xri:pqdiss&rft_dat=xri:pqdiss:7924271
=999  \\$a50563
=902  \\$axyz

