=LDR  00658nam  2200241   4500
=001  000050565
=003  BIBL
=005  19980819023300.0
=008  790920s1979\\\\iau\\\\\\\\\\\00000\eng\d
=035  9\$a50565
=035  \\$a(OCoLC)05391567
=040  \\$aIWA$cIWA
=099  \\$aISU$a1979$aR953
=100  00$aRyan, Douglas James.
=245  10$aCalibration of inertial cascade impactors.
=260  0\$c1979.
=300  \\$a80 leaves$billus.$c29 cm.
=500  \\$aTypescript (Photocopy).
=500  \\$aThesis (M.S.)--Iowa State University of Science and Technology.
=504  \\$aIncludes bibliography.
=690  \\$aMechanical engineering
=999  \\$a50565
=902  \\$axyz

