=LDR  00884nam  2200265   4500
=001  000050574
=003  BIBL
=005  20061128151700.0
=008  790920s1979\\\\iau\\\\\\\\\\\00000\eng\d
=035  9\$a50574
=035  \\$a(OCoLC)05391660
=040  \\$aIWA$cIWA
=099  \\$aISU$a1979$aJ795
=100  10$aJost, Christina.
=245  10$aAnaeroplasma bactoclasticum extracellular amylase.
=260  0\$c1979.
=300  \\$a178 .$billus.$c29 cm.
=530  \\$aAlso available online.
=500  \\$aTypescript (Photocopy).
=500  \\$aThesis--Iowa State University of Science and Technology.
=504  \\$aIncludes bibliography.
=690  \\$aBacteriology.
=856  41$uhttp://proxy.lib.iastate.edu/login?url=http://gateway.proquest.com/openurl?url_ver=Z39.88-2004&rft_val_fmt=info:ofi/fmt:kev:mtx:dissertation&res_dat=xri:pqdiss&rft_dat=xri:pqdiss:7924247
=999  \\$a50574
=902  \\$axyz

