=LDR  00684nam  2200241   4500
=001  000050576
=003  BIBL
=005  19980819023300.0
=008  790920s1979\\\\iau\\\\\\\\\\\00000\eng\d
=035  9\$a50576
=035  \\$a(OCoLC)05391713
=040  \\$aIWA$cIWA
=099  \\$aISU$a1979$aSm64
=100  10$aSmith, Robert Arthur.
=245  13$aAn energy conscious multifamily housing project for Gateway Hills, Ames, Iowa.
=260  0\$c1979.
=300  \\$a117 .$billus.$c29 cm.
=500  \\$aTypescript (Photocopy).
=500  \\$aThesis (M.Arch.)--Iowa State University of Science and Technology.
=504  \\$aIncludes bibliography.
=690  \\$aArchitecture
=999  \\$a50576
=902  \\$axyz

