=LDR  00721nam  2200241   4500
=001  000050577
=003  BIBL
=005  19980819023300.0
=008  790920s1979\\\\iau\\\\\\\\\\\00000\eng\d
=035  9\$a50577
=035  \\$a(OCoLC)05391739
=040  \\$aIWA$cIWA
=099  \\$aISU$a1979$aM139
=100  10$aMcCullough, John Andrew.
=245  10$aTowards a multivariate description of information processing styles of field dependent and field independent subjects.
=260  0\$c1979.
=300  \\$a91 .$billus.$c29 cm.
=500  \\$aTypescript (Photocopy).
=500  \\$aThesis (M.S.)--Iowa State University of Science and Technology.
=504  \\$aIncludes bibliography.
=690  \\$aPsychology
=999  \\$a50577
=902  \\$axyz

