=LDR  00662nam  2200241   4500
=001  000050587
=003  BIBL
=005  19980819023300.0
=008  790920s1979\\\\iau\\\\\\\\\\\00000\eng\d
=035  9\$a50587
=035  \\$a(OCoLC)05391835
=040  \\$aIWA$cIWA
=099  \\$aISU$a1979$aC479
=100  00$aChyu, Ming-Chien.
=245  10$aBoiling heat transfer from a structured surface.
=260  0\$c1979.
=300  \\$a103 leaves$billus.$c29 cm.
=500  \\$aTypescript (Photocopy).
=500  \\$aThesis (M.S.)--Iowa State University of Science and Technology.
=504  \\$aIncludes bibliography.
=690  \\$aMechanical engineering
=999  \\$a50587
=902  \\$axyz

