=LDR  00716nam  2200241   4500
=001  000050636
=003  BIBL
=005  19980819023500.0
=008  790920s1979\\\\iau\\\\\\\\\\\00000\eng\d
=035  9\$a50636
=035  \\$a(OCoLC)05393709
=040  \\$aIWA$cIWA
=099  \\$aISU$a1979$aW896
=100  10$aWoroch, Susan Jennifer.
=245  10$aExtracellular slime associated with Proteus mirabilis and other bacteria that migrate upon agar surfaces.
=260  0\$c1979.
=300  \\$a119 leaves$billus.$c29 cm.
=500  \\$aTypescript (Photocopy).
=500  \\$aThesis (M.S.)--Iowa State University of Science and Technology.
=504  \\$aIncludes bibliography.
=690  \\$aBacteriology.
=999  \\$a50636
=902  \\$axyz

