=LDR  00673nam  2200241   4500
=001  000050853
=003  BIBL
=005  19980819024100.0
=008  790925s1979\\\\iau\\\\\\\\\\\00000\eng\d
=035  9\$a50853
=035  \\$a(OCoLC)05424470
=040  \\$aIWA$cIWA
=099  \\$aISU$a1979$aN555
=100  00$aNiemann, Ronald Steve.
=245  10$aComputer generated hydrographs for land planning.
=260  0\$c1979.
=300  \\$a179 .$billus.$c29 cm.
=500  \\$aTypescript (Photocopy).
=500  \\$aThesis (M. Land. Arch.)--Iowa State University of Science and Technology.
=504  \\$aIncludes bibliography.
=650  \0$aLandscape architecture
=999  \\$a50853
=902  \\$axyz

