=LDR  00736nam  2200241   4500
=001  000050951
=003  BIBL
=005  19980819024300.0
=008  790927s1979\\\\iau\\\\\\\\\\\00000\eng\d
=035  9\$a50951
=035  \\$a(OCoLC)05430874
=040  \\$aIWA$cIWA
=099  \\$aISU$a1979$aN517
=100  10$aNichols, Jill Elizabeth.
=245  12$aA clarification and expansion of a resource theory of conjugal power structures: an exploratory study with a Danish sample.
=260  0\$c1979.
=300  \\$a149 .$billus.$c29 cm.
=500  \\$aTypescript (Photocopy).
=500  \\$aThesis (M.S.)--Iowa State University of Science and Technology.
=504  \\$aIncludes bibliography.
=690  \\$aFamily environment.
=999  \\$a50951
=902  \\$axyz

