=LDR  00668nam  2200241   4500
=001  000050960
=003  BIBL
=005  19980819024400.0
=008  790927s1979\\\\iau\\\\\\\\\\\00000\eng\d
=035  9\$a50960
=035  \\$a(OCoLC)05430987
=040  \\$aIWA$cIWA
=099  \\$aISU$a1979$aW435
=100  10$aWeiser, William Bruce.
=245  10$aEnvelope delay of Omega signals in the 11 kHz range.
=260  0\$c1979.
=300  \\$a57 leaves$billus.$c29 cm.
=500  \\$aTypescript (Photocopy).
=500  \\$aThesis (M.S.)--Iowa State University of Science and Technology.
=504  \\$aIncludes bibliography.
=690  \\$aElectric engineering
=999  \\$a50960
=902  \\$axyz

