=LDR  00726nam  2200241   4500
=001  000050961
=003  BIBL
=005  19980819024400.0
=008  790927s1979\\\\iau\\\\\\\\\\\00000\eng\d
=035  9\$a50961
=035  \\$a(OCoLC)05431009
=040  \\$aIWA$cIWA
=099  \\$aISU$a1979$aSm643
=100  10$aSmith, Rodney James.
=245  12$aA study in language: three pedagogical units.$b1. A definition. 2. A history. 3. An application /$cby Rodney James Smith.
=260  0\$c1979.
=300  \\$a161 leaves :$bill. ;$c29 cm.
=500  \\$aTypescript (Photocopy).
=500  \\$aThesis (M.A.)--Iowa State University of Science and Technology.
=504  \\$aIncludes bibliography.
=690  \\$aEnglish
=999  \\$a50961
=902  \\$axyz

