=LDR  00675cam  2200241   4500
=001  000050962
=003  BIBL
=005  19981208173400.0
=008  790927s1979\\\\iau\\\\\\\\\\\00000\eng\d
=035  9\$a50962
=035  \\$a(OCoLC)05431014
=040  \\$aIWA$cIWA
=099  \\$aISU$a1979$aB4669
=100  10$aBetts, Gary Allan.
=245  10$aProgramming for space efficiency and design of a community arts center.
=260  0\$c1979.
=300  \\$a137 .$billus.$c29 cm.
=500  \\$aTypescript (Photocopy).
=500  \\$aThesis (M.Arch.)--Iowa State University of Science and Technology.
=504  \\$aIncludes bibliography.
=690  \\$aArchitecture
=999  \\$a50962
=902  \\$axyz

