=LDR  00910nam  2200265   4500
=001  000050970
=003  BIBL
=005  20061103111200.0
=008  790927s1979\\\\iau\\\\\\\\\\\00000\eng\d
=035  9\$a50970
=035  \\$a(OCoLC)05431147
=040  \\$aIWA$cIWA
=099  \\$aISU$a1979$aW328
=100  00$aWatkins, Thomas G.$d1951-
=245  13$aAn analysis of sealed bidding practices in a public sector market.
=260  0\$c1979.
=300  \\$a273 leaves$billus.$c29 cm.
=530  \\$aAlso available online.
=500  \\$aTypescript (Photocopy).
=500  \\$aThesis--Iowa State University of Science and Technology.
=504  \\$aIncludes bibliography.
=690  \\$aEconomics
=856  41$uhttp://proxy.lib.iastate.edu/login?url=http://gateway.proquest.com/openurl?url_ver=Z39.88-2004&rft_val_fmt=info:ofi/fmt:kev:mtx:dissertation&res_dat=xri:pqdiss&rft_dat=xri:pqdiss:8000183
=999  \\$a50970
=902  \\$axyz

