=LDR  00884nam  2200265   4500
=001  000050972
=003  BIBL
=005  20061130113200.0
=008  790927s1979\\\\iau\\\\\\\\\\\00000\eng\d
=035  9\$a50972
=035  \\$a(OCoLC)05431179
=040  \\$aIWA$cIWA
=099  \\$aISU$a1979$aSa35
=100  10$aSallas, William Michael,$d1953-
=245  10$aRecursive mixed model estimation.
=260  0\$c1979.
=300  \\$a128 leaves$billus.$c29 cm.
=530  \\$aAlso available online.
=500  \\$aTypescript (Photocopy).
=500  \\$aThesis--Iowa State University of Science and Technology.
=504  \\$aIncludes bibliography.
=690  \\$aStatistics
=856  41$uhttp://proxy.lib.iastate.edu/login?url=http://gateway.proquest.com/openurl?url_ver=Z39.88-2004&rft_val_fmt=info:ofi/fmt:kev:mtx:dissertation&res_dat=xri:pqdiss&rft_dat=xri:pqdiss:8010261
=999  \\$a50972
=902  \\$axyz

