=LDR  00896nam  2200265   4500
=001  000050973
=003  BIBL
=005  20061129103900.0
=008  790927s1979\\\\iau\\\\\\\\\\\00000\eng\d
=035  9\$a50973
=035  \\$a(OCoLC)05431194
=040  \\$aIWA$cIWA
=099  \\$aISU$a1979$aL144
=100  10$aLaing, Joan.
=245  10$aPerson-to-person matching with the Kuder Occupational Interest Survey.
=260  0\$c1979.
=300  \\$a74 .$billus.$c29 cm.
=530  \\$aAlso available online.
=500  \\$aTypescript (Photocopy).
=500  \\$aThesis--Iowa State University of Science and Technology.
=504  \\$aIncludes bibliography.
=690  \\$aPsychology
=856  41$uhttp://proxy.lib.iastate.edu/login?url=http://gateway.proquest.com/openurl?url_ver=Z39.88-2004&rft_val_fmt=info:ofi/fmt:kev:mtx:dissertation&res_dat=xri:pqdiss&rft_dat=xri:pqdiss:8000148
=999  \\$a50973
=902  \\$axyz

