=LDR  00741cam  2200253   4500
=001  000050981
=003  BIBL
=005  19990116005200.0
=008  790927s1979\\\\iau\\\\\\\\\\\00000\eng\d
=035  9\$a50981
=035  \\$a(OCoLC)05431479
=040  \\$aIWA$cIWA
=049  \\$bPARKS
=099  \\$aISU$a1979$aSe945
=100  00$aSeyfi, Hamid Reza.
=245  10$aU.S. mass media and foreign students; exposure, uses, and effects /$cby Hamid Reza Seyfi.
=260  0\$c1979.
=300  \\$a170 leaves :$bill. ;$c29 cm.
=500  \\$aTypescript (Photocopy).
=500  \\$aThesis (M.S.)--Iowa State University of Science and Technology.
=504  \\$aIncludes bibliography.
=690  \\$aJournalism and mass communication.
=999  \\$a50981
=902  \\$axyz

