=LDR  00708nam  2200241   4500
=001  000051141
=003  BIBL
=005  19980819024800.0
=008  791001s1979\\\\iau\\\\\\\\\\\00000\eng\d
=035  9\$a51141
=035  \\$a(OCoLC)05451920
=040  \\$aIWA$cIWA
=099  \\$aISU$a1979$aM619
=100  10$aMiller, Terry Michael.
=245  10$aLong term predictability of driver behavior using previous driving behavior and the Driver Attitude Survey.
=260  0\$c1979.
=300  \\$a85 .$billus.$c29 cm.
=500  \\$aTypescript (Photocopy).
=500  \\$aThesis (M.S.)--Iowa State University of Science and Technology.
=504  \\$aIncludes bibliography.
=690  \\$aPsychology
=999  \\$a51141
=902  \\$axyz

