=LDR  00895nam  2200265   4500
=001  000051142
=003  BIBL
=005  20061130103200.0
=008  791001s1979\\\\iau\\\\\\\\\\\00000\eng\d
=035  9\$a51142
=035  \\$a(OCoLC)05451924
=040  \\$aIWA$cIWA
=099  \\$aISU$a1979$aW169
=100  10$aWalstrom, Robert Wade.
=245  12$aA microprocessor controlled digital filter.
=260  0\$c1979.
=300  \\$a177 leaves$billus.$c29 cm.
=530  \\$aAlso available online.
=500  \\$aTypescript (Photocopy).
=500  \\$aThesis--Iowa State University of Science and Technology.
=504  \\$aIncludes bibliography.
=690  \\$aElectric engineering
=856  41$uhttp://proxy.lib.iastate.edu/login?url=http://gateway.proquest.com/openurl?url_ver=Z39.88-2004&rft_val_fmt=info:ofi/fmt:kev:mtx:dissertation&res_dat=xri:pqdiss&rft_dat=xri:pqdiss:8000182
=999  \\$a51142
=902  \\$axyz

