=LDR  00974nam  2200265   4500
=001  000051147
=003  BIBL
=005  20061129105600.0
=008  791001s1979\\\\iau\\\\\\\\\\\00000\eng\d
=035  9\$a51147
=035  \\$a(OCoLC)05451949
=040  \\$aIWA$cIWA
=099  \\$aISU$a1979$aSt57
=100  10$aStinson, Carol Thomasson.
=245  10$aEvaluation of heat processing on soy proteins using a pH stat to monitor tryptic hydrolysis /$cby Carol Thomasson Stinson.
=260  0\$c1979.
=300  \\$a91 leaves :$bill. ;$c29 cm.
=530  \\$aAlso available online.
=500  \\$aTypescript (Photocopy).
=500  \\$aThesis--Iowa State University of Science and Technology.
=504  \\$aIncludes bibliography.
=690  \\$aFood technology.
=856  41$uhttp://proxy.lib.iastate.edu/login?url=http://gateway.proquest.com/openurl?url_ver=Z39.88-2004&rft_val_fmt=info:ofi/fmt:kev:mtx:dissertation&res_dat=xri:pqdiss&rft_dat=xri:pqdiss:8000177
=999  \\$a51147
=902  \\$axyz

