=LDR  00901nam  2200265   4500
=001  000051149
=003  BIBL
=005  20061103111100.0
=008  791001s1979\\\\iau\\\\\\\\\\\00000\eng\d
=035  9\$a51149
=035  \\$a(OCoLC)05451956
=040  \\$aIWA$cIWA
=099  \\$aISU$a1979$aSt48
=100  00$aStephenson, Susan Carrithers.
=245  14$aThe impact of functional limitations on labor supply.
=260  0\$c1979.
=300  \\$a145 leaves$billus.$c29 cm.
=530  \\$aAlso available online.
=500  \\$aTypescript (Photocopy).
=500  \\$aThesis--Iowa State University of Science and Technology.
=504  \\$aIncludes bibliography.
=690  \\$aEconomics
=856  41$uhttp://proxy.lib.iastate.edu/login?url=http://gateway.proquest.com/openurl?url_ver=Z39.88-2004&rft_val_fmt=info:ofi/fmt:kev:mtx:dissertation&res_dat=xri:pqdiss&rft_dat=xri:pqdiss:8000176
=999  \\$a51149
=902  \\$axyz

