=LDR  00724nam  2200241   4500
=001  000051158
=003  BIBL
=005  19991104094700.0
=008  791001s1979\\\\iau\\\\\\\\\\\00000\eng\d
=035  9\$a51158
=035  \\$a(OCoLC)05452032
=040  \\$aIWA$cIWA
=099  \\$aISU$a1979$aH874
=100  00$aHuggins, Susan Jane.
=245  13$aAn evaluative device to assess selected sanitation conditions and practices in restaurants.
=260  0\$c1979.
=300  \\$a53 .$billus.$c29 cm.
=500  \\$aTypescript (Photocopy).
=500  \\$aThesis (M.S.)--Iowa State University of Science and Technology.
=504  \\$aIncludes bibliography.
=690  \\$aAssociations, institutions, etc.$xManagement
=999  \\$a51158
=902  \\$axyz

