=LDR  00642nam  2200241   4500
=001  000051159
=003  BIBL
=005  19980819024900.0
=008  791001s1979\\\\iau\\\\\\\\\\\00000\eng\d
=035  9\$a51159
=035  \\$a(OCoLC)05452035
=040  \\$aIWA$cIWA
=099  \\$aISU$a1979$aH873
=100  10$aHuger, Winifred Evonne.
=245  10$aClub movement among black women in America.
=260  0\$c1979.
=300  \\$a84 .$billus.$c29 cm.
=500  \\$aTypescript (Photocopy).
=500  \\$aThesis (M.A.)--Iowa State University of Science and Technology.
=504  \\$aIncludes bibliography.
=690  \\$aHistory
=999  \\$a51159
=902  \\$axyz

