=LDR  00707nam  2200241   4500
=001  000051161
=003  BIBL
=005  19980819024900.0
=008  791001s1979\\\\iau\\\\\\\\\\\00000\eng\d
=035  9\$a51161
=035  \\$a(OCoLC)05452054
=040  \\$aIWA$cIWA
=099  \\$aISU$a1979$aM616
=100  10$aMiller, Murray G
=245  10$aEnvironmental planning under the public trust doctrine /$cby Murray G. Miller.
=260  0\$c1979.
=300  \\$a104 leaves :$bill. ;$c29 cm.
=500  \\$aTypescript (Photocopy).
=500  \\$aThesis (M.C.R.P.)--Iowa State University of Science and Technology.
=504  \\$aIncludes bibliography.
=690  \\$aCommunity and regional planning.
=999  \\$a51161
=902  \\$axyz

