=LDR  00742nam  2200241   4500
=001  000051163
=003  BIBL
=005  19980819024900.0
=008  791001s1979\\\\iau\\\\\\\\\\\00000\eng\d
=035  9\$a51163
=035  \\$a(OCoLC)05452074
=040  \\$aIWA$cIWA
=099  \\$aISU$a1979$aZ73
=100  10$aZoellner, John James.
=245  10$aSolutions to planning problems through the use of income redistribution strategies /$cby John James Zoellner.
=260  0\$c1979.
=300  \\$a110 leaves :$bill. ;$c29 cm.
=500  \\$aTypescript (Photocopy).
=500  \\$aThesis (M.C.R.P.)--Iowa State University of Science and Technology.
=504  \\$aIncludes bibliography.
=690  \\$aCommunity and regional planning.
=999  \\$a51163
=902  \\$axyz

