=LDR  00667nam  2200241   4500
=001  000051314
=003  BIBL
=005  19980819025300.0
=008  791002s1979\\\\iau\\\\\\\\\\\00000\eng\d
=035  9\$a51314
=035  \\$a(OCoLC)05458228
=040  \\$aIWA$cIWA
=099  \\$aISU$a1979$aC616
=100  00$aCline, Van W.
=245  10$aEcological health of the agricultural landscape.
=260  0\$c1979.
=300  \\$a99 leaves$billus.$c29 cm.
=500  \\$aTypescript (Photocopy).
=500  \\$aThesis (M. Land. Arch.)--Iowa State University of Science and Technology.
=504  \\$aIncludes bibliography.
=650  \0$aLandscape architecture
=999  \\$a51314
=902  \\$axyz

