=LDR  00910nam  2200265   4500
=001  000051322
=003  BIBL
=005  20061129100800.0
=008  791002s1979\\\\iau\\\\\\\\\\\00000\eng\d
=035  9\$a51322
=035  \\$a(OCoLC)05458305
=040  \\$aIWA$cIWA
=099  \\$aISU$a1979$aEn323
=100  10$aEngel, Joanne Boyer.
=245  10$aCautiousness as a factor in the test taking skills of adult students.
=260  0\$c1979.
=300  \\$a187 leaves$billus.$c29 cm.
=530  \\$aAlso available online.
=500  \\$aTypescript (Photocopy).
=500  \\$aThesis--Iowa State University of Science and Technology.
=504  \\$aIncludes bibliography.
=690  \\$aPsychology
=856  41$uhttp://proxy.lib.iastate.edu/login?url=http://gateway.proquest.com/openurl?url_ver=Z39.88-2004&rft_val_fmt=info:ofi/fmt:kev:mtx:dissertation&res_dat=xri:pqdiss&rft_dat=xri:pqdiss:8000128
=999  \\$a51322
=902  \\$axyz

