=LDR  00970nam  2200277   4500
=001  000051324
=003  BIBL
=005  20061103110000.0
=008  791002s1979\\\\iau\\\\\\\\\\\00000\eng\d
=035  9\$a51324
=035  \\$a(OCoLC)05458319
=040  \\$aIWA$cIWA
=099  \\$aISU$a1979$aC888
=100  00$aCrull, SueAnn Ramsay,$d1942-
=245  10$aResidential satisfaction, propensity to move, and residential mobility: a causal model.
=260  0\$c1979.
=300  \\$a120 leaves$billus.$c29 cm.
=530  \\$aAlso available online.
=500  \\$aTypescript (Photocopy).
=500  \\$aThesis--Iowa State University of Science and Technology.
=504  \\$aIncludes bibliography.
=690  \\$aFamily environment.
=690  \\$aSociology
=856  41$uhttp://proxy.lib.iastate.edu/login?url=http://gateway.proquest.com/openurl?url_ver=Z39.88-2004&rft_val_fmt=info:ofi/fmt:kev:mtx:dissertation&res_dat=xri:pqdiss&rft_dat=xri:pqdiss:8000123
=999  \\$a51324
=902  \\$axyz

