=LDR  00708nam  2200241   4500
=001  000051330
=003  BIBL
=005  19980819025300.0
=008  791002s1979\\\\iau\\\\\\\\\\\00000\eng\d
=035  9\$a51330
=035  \\$a(OCoLC)05458372
=040  \\$aIWA$cIWA
=099  \\$aISU$a1979$aSt15
=100  10$aStainbrook, Susan Marie.
=245  10$aJonathan Edwards: Christian oratory in the Lockean-Calvinist conversion process /$cby Susan Marie Stainbrook.
=260  0\$c1979.
=300  \\$a68 leaves :$c29 cm.
=500  \\$aTypescript (Photocopy).
=500  \\$aThesis (M.A.)--Iowa State University of Science and Technology.
=504  \\$aIncludes bibliography.
=690  \\$aEnglish
=999  \\$a51330
=902  \\$axyz

