=LDR  00693nam  2200241   4500
=001  000051331
=003  BIBL
=005  19980819025300.0
=008  791002s1979\\\\iau\\\\\\\\\\\00000\eng\d
=035  9\$a51331
=035  \\$a(OCoLC)05458379
=040  \\$aIWA$cIWA
=099  \\$aISU$a1979$aW758
=100  10$aWiskus, John Emanuel.
=245  10$aPolymeric aids to filtration of lime softened water /$cby John Emanuel Wiskus.
=260  0\$c1979.
=300  \\$a122 leaves :$bill. ;$c29 cm.
=500  \\$aTypescript (Photocopy).
=500  \\$aThesis (M.S.)--Iowa State University of Science and Technology.
=504  \\$aIncludes bibliography.
=650  \0$aCivil engineering
=999  \\$a51331
=902  \\$axyz

