=LDR  01121nam  2200289   4500
=001  000051333
=003  BIBL
=005  20061130103300.0
=008  791002s1979\\\\iau\\\\\\\\\\\00000\eng\d
=035  9\$a51333
=035  \\$a(OCoLC)05458400
=040  \\$aIWA$cIWA
=099  \\$aISU$a1979$aW596
=100  10$aWhitmer, John M$d1934-
=245  10$aConceptualization and formulization of an optimizing-resource allocation model of a public service delivery function - - higher education /$cby John M. Whitmer.
=260  0\$c1979.
=300  \\$a317 leaves :$bill. ;$c29 cm.
=530  \\$aAlso available online.
=500  \\$aTypescript (Photocopy).
=500  \\$aThesis--Iowa State University of Science and Technology.
=504  \\$aIncludes bibliography.
=690  \\$aProfessional studies.
=690  \\$aEducation (Adult and extension education).
=690  \\$aAdult and extension education.
=856  41$uhttp://proxy.lib.iastate.edu/login?url=http://gateway.proquest.com/openurl?url_ver=Z39.88-2004&rft_val_fmt=info:ofi/fmt:kev:mtx:dissertation&res_dat=xri:pqdiss&rft_dat=xri:pqdiss:8000184
=999  \\$a51333
=902  \\$axyz

