=LDR  00905nam  2200265   4500
=001  000051438
=003  BIBL
=005  20061129105400.0
=008  791003s1979\\\\iau\\\\\\\\\\\00000\eng\d
=035  9\$a51438
=035  \\$a(OCoLC)05463276
=040  \\$aIWA$cIWA
=099  \\$aISU$a1979$aSco85
=100  10$aScott, Mark,$d1951-
=245  10$aCharacterizations of strong ergodicity for continuous time Markov chains.
=260  0\$c1979.
=300  \\$a113 leaves$c29 cm.
=530  \\$aAlso available online.
=500  \\$aTypescript (Photocopy).
=500  \\$aThesis--Iowa State University of Science and Technology.
=504  \\$aIncludes bibliography.
=690  \\$aStatistics
=856  41$uhttp://proxy.lib.iastate.edu/login?url=http://gateway.proquest.com/openurl?url_ver=Z39.88-2004&rft_val_fmt=info:ofi/fmt:kev:mtx:dissertation&res_dat=xri:pqdiss&rft_dat=xri:pqdiss:8000171
=999  \\$a51438
=902  \\$axyz

