=LDR  00920nam  2200265   4500
=001  000051440
=003  BIBL
=005  20061129104300.0
=008  791003s1979\\\\iau\\\\\\\\\\\00000\eng\d
=035  9\$a51440
=035  \\$a(OCoLC)05463286
=040  \\$aIWA$cIWA
=099  \\$aISU$a1979$aL949
=100  10$aLovsin, John Victor,$d1950-
=245  10$aEffect of videotape modeling and videotape feedback on job interview behavior.
=260  0\$c1979.
=300  \\$a131 .$billus.$c29 cm.
=530  \\$aAlso available online.
=500  \\$aTypescript (Photocopy).
=500  \\$aThesis--Iowa State University of Science and Technology.
=504  \\$aIncludes bibliography.
=690  \\$aPsychology
=856  41$uhttp://proxy.lib.iastate.edu/login?url=http://gateway.proquest.com/openurl?url_ver=Z39.88-2004&rft_val_fmt=info:ofi/fmt:kev:mtx:dissertation&res_dat=xri:pqdiss&rft_dat=xri:pqdiss:8000153
=999  \\$a51440
=902  \\$axyz

