=LDR  00953nam  2200265   4500
=001  000051441
=003  BIBL
=005  20061129103800.0
=008  791003s1979\\\\iau\\\\\\\\\\\00000\eng\d
=035  9\$a51441
=035  \\$a(OCoLC)05463292
=040  \\$aIWA$cIWA
=099  \\$aISU$a1979$aK952
=100  00$aKucheria, Chhattar Singh,$d1949-
=245  10$aSelf-diffusion of calcium and yttrium in pure and YF−b3−s-doped CaF−b2 −ssingle crystals.
=260  0\$c1979.
=300  \\$a205 .$billus.$c29 cm.
=530  \\$aAlso available online.
=500  \\$aTypescript (Photocopy).
=500  \\$aThesis--Iowa State University of Science and Technology.
=504  \\$aIncludes bibliography.
=690  \\$aCeramic engineering
=856  41$uhttp://proxy.lib.iastate.edu/login?url=http://gateway.proquest.com/openurl?url_ver=Z39.88-2004&rft_val_fmt=info:ofi/fmt:kev:mtx:dissertation&res_dat=xri:pqdiss&rft_dat=xri:pqdiss:8000147
=999  \\$a51441
=902  \\$axyz

