=LDR  01030nam  2200265   4500
=001  000051443
=003  BIBL
=005  20061130103300.0
=008  791003s1979\\\\iau\\\\\\\\\\\00000\eng\d
=035  9\$a51443
=035  \\$a(OCoLC)05463310
=040  \\$aIWA$cIWA
=099  \\$aISU$a1979$aZ69
=100  10$aZirakparvar, Mohammad Esmail.
=245  10$aPathogenicity of Pratylenchus hexincisus on corn, soybean, and tomato and population changes as influenced by hosts, temperature and soil type /$cby Mohammad Esmail Zirakparvar.
=260  0\$c1979.
=300  \\$a69 leaves :$bill. ;$c29 cm.
=530  \\$aAlso available online.
=500  \\$aTypescript (Photocopy).
=500  \\$aThesis--Iowa State University of Science and Technology.
=504  \\$aIncludes bibliography.
=650  \0$aPlant diseases
=856  41$uhttp://proxy.lib.iastate.edu/login?url=http://gateway.proquest.com/openurl?url_ver=Z39.88-2004&rft_val_fmt=info:ofi/fmt:kev:mtx:dissertation&res_dat=xri:pqdiss&rft_dat=xri:pqdiss:8000185
=999  \\$a51443
=902  \\$axyz

