=LDR  00754nam  2200241   4500
=001  000051564
=003  BIBL
=005  19991104094700.0
=008  791005s1979\\\\iau\\\\\\\\\\\00000\eng\d
=035  9\$a51564
=035  \\$a(OCoLC)05470316
=040  \\$aIWA$cIWA
=099  \\$aISU$a1979$aH821
=100  00$aHovel, Mary Kathryn.
=245  10$aEffects of hot-holding on viscosity of white sauce and energy utilization of equipment in a satellite Foodservice system.
=260  0\$c1979.
=300  \\$a66 .$billus.$c29 cm.
=500  \\$aTypescript (Photocopy).
=500  \\$aThesis (M.S.)--Iowa State University of Science and Technology.
=504  \\$aIncludes bibliography.
=690  \\$aAssociations, institutions, etc.$xManagement
=999  \\$a51564
=902  \\$axyz

