=LDR  00735nam  2200241 i 4500
=001  000051565
=003  BIBL
=005  19980819030000.0
=008  791005s1979\\\\iau\\\\\\\\\\\00000\eng\d
=035  9\$a51565
=035  \\$a(OCoLC)05470326
=040  \\$aIWA$cIWA
=099  \\$aISU$a1979$aH739
=100  10$aHolmes, Timothy Lawrence.
=245  10$aPerceptions of principals and vocational agricultural instructors toward selected summer program activities in Florida.
=260  0\$c1979.
=300  \\$a82 .$billus.$c29 cm.
=500  \\$aTypescript (Photocopy).
=500  \\$aThesis (M.S.)--Iowa State University of Science and Technology.
=504  \\$aIncludes bibliography.
=690  \\$aAgricultural education
=999  \\$a51565
=902  \\$axyz

