=LDR  00650nam  2200241   4500
=001  000051567
=003  BIBL
=005  19980819030000.0
=008  791005s1979\\\\iau\\\\\\\\\\\00000\eng\d
=035  9\$a51567
=035  \\$a(OCoLC)05470341
=040  \\$aIWA$cIWA
=099  \\$aISU$a1979$aIs2
=100  10$aIsely, Karl.
=245  10$aEdward Hall and "The triumphant reigne of Kyng Henry the VIII".
=260  0\$c1979.
=300  \\$a94 .$billus.$c29 cm.
=500  \\$aTypescript (Photocopy).
=500  \\$aThesis (M.A.)--Iowa State University of Science and Technology.
=504  \\$aIncludes bibliography.
=690  \\$aHistory
=999  \\$a51567
=902  \\$axyz

