=LDR  00756nam  2200241   4500
=001  000051568
=003  BIBL
=005  19980819030000.0
=008  791005s1979\\\\iau\\\\\\\\\\\00000\eng\d
=035  9\$a51568
=035  \\$a(OCoLC)05470346
=040  \\$aIWA$cIWA
=099  \\$aISU$a1979$aSm53
=100  00$aSmith, Carol Barbara.
=245  10$aGround water quality alteration associated with two upland sanitary landfill sites : Scott and Fayette Counties, Iowa /$cby Carol Barbara Smith.
=260  0\$c1979.
=300  \\$a209 leaves :$bill. ;$c29 cm.
=500  \\$aTypescript (Photocopy).
=500  \\$aThesis (M.S.)--Iowa State University of Science and Technology.
=504  \\$aIncludes bibliography.
=650  \0$aEarth sciences
=999  \\$a51568
=902  \\$axyz

