=LDR  00693nam  2200241   4500
=001  000051571
=003  BIBL
=005  19980819030000.0
=008  791005s1979\\\\iau\\\\\\\\\\\00000\eng\d
=035  9\$a51571
=035  \\$a(OCoLC)05470376
=040  \\$aIWA$cIWA
=099  \\$aISU$a1979$aH559
=100  10$aHillyard, Landen Lee.
=245  10$aEducational needs of adult farmers in the West Liberty Community School District.
=260  0\$c1979.
=300  \\$a95 .$billus.$c29 cm.
=500  \\$aTypescript (Photocopy).
=500  \\$aThesis (M.S.)--Iowa State University of Science and Technology.
=504  \\$aIncludes bibliography.
=690  \\$aAgricultural education
=999  \\$a51571
=902  \\$axyz

