=LDR  00691nam  2200241   4500
=001  000051668
=003  BIBL
=005  19980819030300.0
=008  791008s1979\\\\iau\\\\\\\\\\\00000\eng\d
=035  9\$a51668
=035  \\$a(OCoLC)05503287
=040  \\$aIWA$cIWA
=099  \\$aISU$a1979$aK944
=100  10$aKrupicka, Gary Lee.
=245  14$aThe behavior and analysis of steel-deck reinforced concrete slabs with end-span studs.
=260  0\$c1979.
=300  \\$a91 .$billus.$c29 cm.
=500  \\$aTypescript (Photocopy).
=500  \\$aThesis (M.S.)--Iowa State University of Science and Technology.
=504  \\$aIncludes bibliography.
=650  \0$aCivil engineering
=999  \\$a51668
=902  \\$axyz

