=LDR  00692nam  2200241   4500
=001  000051670
=003  BIBL
=005  19980819030300.0
=008  791008s1979\\\\iau\\\\\\\\\\\00000\eng\d
=035  9\$a51670
=035  \\$a(OCoLC)05503295
=040  \\$aIWA$cIWA
=099  \\$aISU$a1979$aAb32
=100  20$aAbdel-Hamid, Mohamed Khalid
=245  10$aStatic and dynamic characteristics of a two-stage pressure reducing valve.
=260  0\$c1979.
=300  \\$a82 .$billus.$c29 cm.
=500  \\$aTypescript (Photocopy).
=500  \\$aThesis (M.S.)--Iowa State University of Science and Technology.
=504  \\$aIncludes bibliography.
=690  \\$aMechanical engineering
=999  \\$a51670
=902  \\$axyz

