=LDR  00904nam  2200265   4500
=001  000051671
=003  BIBL
=005  20061128160600.0
=008  791008s1979\\\\iau\\\\\\\\\\\00000\eng\d
=035  9\$a51671
=035  \\$a(OCoLC)05503301
=040  \\$aIWA$cIWA
=099  \\$aISU$a1979$aB47
=100  10$aBhattacharyay, Biswanath.
=245  10$aEstimation for varying parameter stochastic difference equations.
=260  0\$c1979.
=300  \\$a133 .$billus.$c29 cm.
=530  \\$aAlso available online.
=500  \\$aTypescript (Photocopy).
=500  \\$aThesis--Iowa State University of Science and Technology.
=504  \\$aIncludes bibliography.
=690  \\$aStatistics
=856  41$uhttp://proxy.lib.iastate.edu/login?url=http://gateway.proquest.com/openurl?url_ver=Z39.88-2004&rft_val_fmt=info:ofi/fmt:kev:mtx:dissertation&res_dat=xri:pqdiss&rft_dat=xri:pqdiss:8000116
=999  \\$a51671
=902  \\$axyz

