=LDR  00931nam  2200265   4500
=001  000051910
=003  BIBL
=005  20061129103500.0
=008  791011s1979\\\\iau\\\\\\\\\\\00000\eng\d
=035  9\$a51910
=035  \\$a(OCoLC)05514605
=040  \\$aIWA$cIWA
=099  \\$aISU$a1979$aK113
=100  10$aKackar, Raghu Nath,$d1951-
=245  10$aVariance approximations for estimators of fixed and random effects in mixed linear models.
=260  0\$c1979.
=300  \\$a168 .$billus.$c29 cm.
=530  \\$aAlso available online.
=500  \\$aTypescript (Photocopy).
=500  \\$aThesis--Iowa State University of Science and Technology.
=504  \\$aIncludes bibliography.
=690  \\$aStatistics
=856  41$uhttp://proxy.lib.iastate.edu/login?url=http://gateway.proquest.com/openurl?url_ver=Z39.88-2004&rft_val_fmt=info:ofi/fmt:kev:mtx:dissertation&res_dat=xri:pqdiss&rft_dat=xri:pqdiss:8000143
=999  \\$a51910
=902  \\$axyz

