=LDR  01000nam  2200265   4500
=001  000051920
=003  BIBL
=005  20061129105700.0
=008  791011s1979\\\\iau\\\\\\\\\\\00000\eng\d
=035  9\$a51920
=035  \\$a(OCoLC)05514812
=040  \\$aIWA$cIWA
=099  \\$aISU$a1979$aT376
=100  10$aThompson, Nancy Elizabeth,$d1951-
=245  10$aRole of bacteriophage in the acquisition of competence for genetic transformation and transfection in Staphylococcus aureus and related studies.
=260  0\$c1979.
=300  \\$a204 leaves$billus.$c29 cm.
=530  \\$aAlso available online.
=500  \\$aTypescript (Photocopy).
=500  \\$aThesis--Iowa State University of Science and Technology.
=504  \\$aIncludes bibliography.
=690  \\$aBacteriology.
=856  41$uhttp://proxy.lib.iastate.edu/login?url=http://gateway.proquest.com/openurl?url_ver=Z39.88-2004&rft_val_fmt=info:ofi/fmt:kev:mtx:dissertation&res_dat=xri:pqdiss&rft_dat=xri:pqdiss:8000180
=999  \\$a51920
=902  \\$axyz

