=LDR  00888nam  2200265   4500
=001  000051926
=003  BIBL
=005  20061130104700.0
=008  791011s1979\\\\iau\\\\\\\\\\\00000\eng\d
=035  9\$a51926
=035  \\$a(OCoLC)05514966
=040  \\$aIWA$cIWA
=099  \\$aISU$a1979$aEb36
=100  10$aEberhardt, Bruce Jerome.
=245  10$aBiodata determinants of vocational typology.
=260  0\$c1979.
=300  \\$a131 leaves$billus.$c29 cm.
=530  \\$aAlso available online.
=500  \\$aTypescript (Photocopy).
=500  \\$aThesis--Iowa State University of Science and Technology.
=504  \\$aIncludes bibliography.
=690  \\$aPsychology
=856  41$uhttp://proxy.lib.iastate.edu/login?url=http://gateway.proquest.com/openurl?url_ver=Z39.88-2004&rft_val_fmt=info:ofi/fmt:kev:mtx:dissertation&res_dat=xri:pqdiss&rft_dat=xri:pqdiss:8010227
=999  \\$a51926
=902  \\$axyz

