=LDR  00733nam  2200253   4500
=001  000052275
=003  BIBL
=005  19980819032000.0
=008  791017s1979\\\\iau\\\\\\\\\\\00000\eng\d
=035  9\$a52275
=035  \\$a(OCoLC)05535071
=040  \\$aIWA$cIWA
=099  \\$aISU$a1979$aL614
=100  00$aLiao, Marcia Yunmen.
=245  10$aEnzymatic modification of protein extracted from Spirulina maxima and Aphanizomenon flos-aquae.
=260  0\$c1979.
=300  \\$a44 .$billus.$c29 cm.
=500  \\$aTypescript (Photocopy).
=500  \\$aThesis (M. S.)--Iowa State University of Science and Technology.
=504  \\$aIncludes bibliography.
=690  \\$aFood and nutrition.
=690  \\$aFood science
=999  \\$a52275
=902  \\$axyz

