=LDR  00718nam  2200241   4500
=001  000052276
=003  BIBL
=005  19991104094800.0
=008  791017s1979\\\\iau\\\\\\\\\\\00000\eng\d
=035  9\$a52276
=035  \\$a(OCoLC)05535072
=040  \\$aIWA$cIWA
=099  \\$aISU$a1979$aG874
=100  00$aGriffee, Ann R.
=245  10$aFood consumed, plate waste, and related factors in a selected school foodservice program.
=260  0\$c1979.
=300  \\$a89 .$billus.$c29 cm.
=500  \\$aTypescript (Photocopy).
=500  \\$aThesis (M. S.)--Iowa State University of Science and Technology.
=504  \\$aIncludes bibliography.
=690  \\$aAssociations, institutions, etc.$xManagement
=999  \\$a52276
=902  \\$axyz

