=LDR  00713nam  2200241   4500
=001  000052277
=003  BIBL
=005  19980819032000.0
=008  791017s1979\\\\iau\\\\\\\\\\\00000\eng\d
=035  9\$a52277
=035  \\$a(OCoLC)05535076
=040  \\$aIWA$cIWA
=099  \\$aISU$a1979$aH936
=100  10$aHurd, Thomas Robert.
=245  10$aEvaluation of the relative importance of building envelopes and internal loads on annual energy consumption.
=260  0\$c1979.
=300  \\$a61 .$billus.$c29 cm.
=500  \\$aTypescript (Photocopy).
=500  \\$aThesis (M. Arch.)--Iowa State University of Science and Technology.
=504  \\$aIncludes bibliography.
=690  \\$aArchitecture
=999  \\$a52277
=902  \\$axyz

