=LDR  00981nam  2200277   4500
=001  000052280
=003  BIBL
=005  20061130103500.0
=008  791017s1979\\\\iau\\\\\\\\\\\00000\eng\d
=035  9\$a52280
=035  \\$a(OCoLC)05535093
=040  \\$aIWA$cIWA
=099  \\$aISU$a1979$aB395
=100  10$aBehizadeh, Susan Nagele,$d1952-
=245  10$aResistance to Puccinia coronata avenae in induced mutants of Avenae sativa.
=260  0\$c1979.
=300  \\$a77 .$billus.$c29 cm.
=530  \\$aAlso available online.
=500  \\$aTypescript (Photocopy).
=500  \\$aThesis--Iowa State University of Science and Technology.
=504  \\$aIncludes bibliography.
=650  \0$aPlant diseases
=690  \\$aPlant pathology, seed and weed sciences.
=856  41$uhttp://proxy.lib.iastate.edu/login?url=http://gateway.proquest.com/openurl?url_ver=Z39.88-2004&rft_val_fmt=info:ofi/fmt:kev:mtx:dissertation&res_dat=xri:pqdiss&rft_dat=xri:pqdiss:8010216
=999  \\$a52280
=902  \\$axyz

