=LDR  00976nam  2200277   4500
=001  000052281
=003  BIBL
=005  20061130104800.0
=008  791017s1979\\\\iau\\\\\\\\\\\00000\eng\d
=035  9\$a52281
=035  \\$a(OCoLC)05535097
=040  \\$aIWA$cIWA
=099  \\$aISU$a1979$aG586
=100  10$aGomide, Henner Alberto,$d1944-
=245  10$aPhotoplastic studies of upset forging of rings and of strip rolling.
=260  0\$c1979.
=300  \\$a168 .$billus.$c29 cm.
=530  \\$aAlso available online.
=500  \\$aTypescript (Photocopy).
=500  \\$aThesis--Iowa State University of Science and Technology.
=504  \\$aIncludes bibliography.
=690  \\$aEngineering science and mechanics.
=690  \\$aEngineering mechanics.
=856  41$uhttp://proxy.lib.iastate.edu/login?url=http://gateway.proquest.com/openurl?url_ver=Z39.88-2004&rft_val_fmt=info:ofi/fmt:kev:mtx:dissertation&res_dat=xri:pqdiss&rft_dat=xri:pqdiss:8010231
=999  \\$a52281
=902  \\$axyz

