=LDR  00964nam  2200277   4500
=001  000052282
=003  BIBL
=005  20061103110300.0
=008  791017s1979\\\\iau\\\\\\\\\\\00000\eng\d
=035  9\$a52282
=035  \\$a(OCoLC)05535102
=040  \\$aIWA$cIWA
=099  \\$aISU$a1979$aIh1
=100  00$aIhalauw, John J O I$d1943-
=245  10$aSome organizational effectiveness determinants of a Village Change Agency.
=260  0\$c1979.
=300  \\$a258 .$billus.$c29 cm.
=530  \\$aAlso available online.
=500  \\$aTypescript (Photocopy).
=500  \\$aThesis--Iowa State University of Science and Technology.
=504  \\$aIncludes bibliography.
=650  \0$aSociology, Rural
=690  \\$aSociology and anthropology.
=856  41$uhttp://proxy.lib.iastate.edu/login?url=http://gateway.proquest.com/openurl?url_ver=Z39.88-2004&rft_val_fmt=info:ofi/fmt:kev:mtx:dissertation&res_dat=xri:pqdiss&rft_dat=xri:pqdiss:8000140
=999  \\$a52282
=902  \\$axyz

