=LDR  00928nam  2200265   4500
=001  000052283
=003  BIBL
=005  20061130104500.0
=008  791017s1979\\\\iau\\\\\\\\\\\00000\eng\d
=035  9\$a52283
=035  \\$a(OCoLC)05535104
=040  \\$aIWA$cIWA
=099  \\$aISU$a1979$aC882
=100  10$aCroop, Rosemary Shea,$d1949-
=245  10$aItem selection for two personality scales: the affective and analytic dimensions.
=260  0\$c1979.
=300  \\$a92 leaves$billus.$c29 cm.
=530  \\$aAlso available online.
=500  \\$aTypescript (Photocopy).
=500  \\$aThesis--Iowa State University of Science and Technology.
=504  \\$aIncludes bibliography.
=690  \\$aPsychology
=856  41$uhttp://proxy.lib.iastate.edu/login?url=http://gateway.proquest.com/openurl?url_ver=Z39.88-2004&rft_val_fmt=info:ofi/fmt:kev:mtx:dissertation&res_dat=xri:pqdiss&rft_dat=xri:pqdiss:8010224
=999  \\$a52283
=902  \\$axyz

