=LDR  00939nam  2200265   4500
=001  000052284
=003  BIBL
=005  20061129105200.0
=008  791017s1979\\\\iau\\\\\\\\\\\00000\eng\d
=035  9\$a52284
=035  \\$a(OCoLC)05535108
=040  \\$aIWA$cIWA
=099  \\$aISU$a1979$aM891
=100  10$aMuffett, Dorothy J
=245  10$aBound and free water relationships in soy proteins as measured by differential scanning calorimetry.
=260  0\$c1979.
=300  \\$a122 .$billus.$c29 cm.
=530  \\$aAlso available online.
=500  \\$aTypescript (Photocopy).
=500  \\$aThesis--Iowa State University of Science and Technology.
=504  \\$aIncludes bibliography.
=690  \\$aFood technology.
=856  41$uhttp://proxy.lib.iastate.edu/login?url=http://gateway.proquest.com/openurl?url_ver=Z39.88-2004&rft_val_fmt=info:ofi/fmt:kev:mtx:dissertation&res_dat=xri:pqdiss&rft_dat=xri:pqdiss:8000163
=999  \\$a52284
=902  \\$axyz

