=LDR  00901nam  2200265   4500
=001  000052285
=003  BIBL
=005  20061129105200.0
=008  791017s1979\\\\iau\\\\\\\\\\\00000\eng\d
=035  9\$a52285
=035  \\$a(OCoLC)05535110
=040  \\$aIWA$cIWA
=099  \\$aISU$a1979$aM725
=100  00$aMoghari, Mohammad.
=245  10$aFast neutron spectrum measurement with threshold detectors.
=260  0\$c1979.
=300  \\$a162 .$billus.$c29 cm.
=530  \\$aAlso available online.
=500  \\$aTypescript (Photocopy).
=500  \\$aThesis--Iowa State University of Science and Technology.
=504  \\$aIncludes bibliography.
=690  \\$aNuclear engineering
=856  41$uhttp://proxy.lib.iastate.edu/login?url=http://gateway.proquest.com/openurl?url_ver=Z39.88-2004&rft_val_fmt=info:ofi/fmt:kev:mtx:dissertation&res_dat=xri:pqdiss&rft_dat=xri:pqdiss:8000161
=999  \\$a52285
=902  \\$axyz

