=LDR  00949nam  2200265   4500
=001  000052287
=003  BIBL
=005  20061103110400.0
=008  791017s1979\\\\iau\\\\\\\\\\\00000\eng\d
=035  9\$a52287
=035  \\$a(OCoLC)05535117
=040  \\$aIWA$cIWA
=099  \\$aISU$a1979$aJ6313
=100  00$aJohnson, Donald Allan,$d1945-
=245  10$aInvestment, production, and marketing strategies for an Iowa Farmer-cattle feeder in a risky environment.
=260  0\$c1979.
=300  \\$a305 .$billus.$c29 cm.
=530  \\$aAlso available online.
=500  \\$aTypescript (Photocopy).
=500  \\$aThesis--Iowa State University of Science and Technology.
=504  \\$aIncludes bibliography.
=690  \\$aEconomics
=856  41$uhttp://proxy.lib.iastate.edu/login?url=http://gateway.proquest.com/openurl?url_ver=Z39.88-2004&rft_val_fmt=info:ofi/fmt:kev:mtx:dissertation&res_dat=xri:pqdiss&rft_dat=xri:pqdiss:8000141
=999  \\$a52287
=902  \\$axyz

