=LDR  00706nam  2200241   4500
=001  000052288
=003  BIBL
=005  19980819032000.0
=008  791017s1979\\\\iau\\\\\\\\\\\00000\eng\d
=035  9\$a52288
=035  \\$a(OCoLC)05535123
=040  \\$aIWA$cIWA
=099  \\$aISU$a1979$aG883
=100  10$aGrimm, Sandra Marie.
=245  12$aA seasonal survey of mutagenic activity of organic material recovered from municipal drinking water.
=260  0\$c1979.
=300  \\$a118 .$billus.$c29 cm.
=500  \\$aTypescript (Photocopy).
=500  \\$aThesis (M.S.)--Iowa State University of Science and Technology.
=504  \\$aIncludes bibliography.
=690  \\$aFood technology.
=999  \\$a52288
=902  \\$axyz

