=LDR  00918nam  2200265   4500
=001  000052289
=003  BIBL
=005  20061130105300.0
=008  791017s1979\\\\iau\\\\\\\\\\\00000\eng\d
=035  9\$a52289
=035  \\$a(OCoLC)05535126
=040  \\$aIWA$cIWA
=099  \\$aISU$a1979$aL619
=100  10$aLiddell, KNona C.
=245  12$aA mathematical model of the chemistry of the dump leaching of chalcopyrite.
=260  0\$c1979.
=300  \\$a168 l.$billus.$c29 cm.
=530  \\$aAlso available online.
=500  \\$aTypescript (Photocopy).
=500  \\$aThesis--Iowa State University of Science and Technology.
=504  \\$aIncludes bibliography.
=650  \0$aChemical engineering
=856  41$uhttp://proxy.lib.iastate.edu/login?url=http://gateway.proquest.com/openurl?url_ver=Z39.88-2004&rft_val_fmt=info:ofi/fmt:kev:mtx:dissertation&res_dat=xri:pqdiss&rft_dat=xri:pqdiss:8010241
=999  \\$a52289
=902  \\$axyz

