=LDR  00898nam  2200265   4500
=001  000052290
=003  BIBL
=005  20061130104500.0
=008  791017s1979\\\\iau\\\\\\\\\\\00000\eng\d
=035  9\$a52290
=035  \\$a(OCoLC)05535127
=040  \\$aIWA$cIWA
=099  \\$aISU$a1979$aC458
=100  00$aChou, Kan-Sen.
=245  10$aFormation of calcium aluminates in the lime sinter process.
=260  0\$c1979.
=300  \\$a152 .$billus.$c29 cm.
=530  \\$aAlso available online.
=500  \\$aTypescript (Photocopy).
=500  \\$aThesis--Iowa State University of Science and Technology.
=504  \\$aIncludes bibliography.
=650  \0$aChemical engineering
=856  41$uhttp://proxy.lib.iastate.edu/login?url=http://gateway.proquest.com/openurl?url_ver=Z39.88-2004&rft_val_fmt=info:ofi/fmt:kev:mtx:dissertation&res_dat=xri:pqdiss&rft_dat=xri:pqdiss:8010222
=999  \\$a52290
=902  \\$axyz

