=LDR  00672nam  2200253   4500
=001  000052291
=003  BIBL
=005  19980819032000.0
=008  791017s1979\\\\iau\\\\\\\\\\\00000\eng\d
=035  9\$a52291
=035  \\$a(OCoLC)05535128
=040  \\$aIWA$cIWA
=099  \\$aISU$a1979$aM919
=100  00$aMulvaney, Charlene Steele.
=245  10$aSorption of nitrogen dioxide by soils.
=260  0\$c1979.
=300  \\$a62 .$billus.$c29 cm.
=500  \\$aTypescript (Photocopy).
=500  \\$aThesis (M.S.)--Iowa State University of Science and Technology.
=504  \\$aIncludes bibliography.
=690  \\$aAgronomy
=690  \\$aSoil chemistry
=999  \\$a52291
=902  \\$axyz

