=LDR  00675nam  2200241   4500
=001  000052292
=003  BIBL
=005  19980819032000.0
=008  791017s1979\\\\iau\\\\\\\\\\\00000\eng\d
=035  9\$a52292
=035  \\$a(OCoLC)05535131
=040  \\$aIWA$cIWA
=099  \\$aISU$a1979$aC3628
=100  10$aChang, Kwan Jun.
=245  12$aA dynamic analysis of a large rotationally periodic space structure.
=260  0\$c1979.
=300  \\$a75 .$billus.$c29 cm.
=500  \\$aTypescript (Photocopy).
=500  \\$aThesis (M.S.)--Iowa State University of Science and Technology.
=504  \\$aIncludes bibliography.
=690  \\$aAerospace engineering
=999  \\$a52292
=902  \\$axyz

