=LDR  01066cam  2200301   4500
=001  000052518
=003  BIBL
=005  20061129105600.0
=008  791022s1979\\\\iau\\\\\\\\\\\00000\eng\d
=035  9\$a52518
=035  \\$a(OCoLC)05575557
=040  \\$aIWA$cIWA
=049  \\$bPARKS
=099  \\$aISU$a1979$aSt323
=100  10$aSteffey, Kevin Lloyd,$d1950-
=245  10$aSpatial dispersion and population estimation of northern and western corn rootworm adults in Iowa cornfields.
=260  0\$c1979.
=300  \\$a106 leaves$billus.$c29 cm.
=530  \\$aAlso available online.
=500  \\$aTypescript (Photocopy).
=500  \\$aThesis--Iowa State University of Science and Technology.
=504  \\$aIncludes bibliography.
=690  \\$aEntomology
=690  \\$aEntomology (Economic entomology).
=690  \0$aEconomic entomology
=856  41$uhttp://proxy.lib.iastate.edu/login?url=http://gateway.proquest.com/openurl?url_ver=Z39.88-2004&rft_val_fmt=info:ofi/fmt:kev:mtx:dissertation&res_dat=xri:pqdiss&rft_dat=xri:pqdiss:8000175
=999  \\$a52518
=902  \\$axyz

