=LDR  00838nam  2200265   4500
=001  000052519
=003  BIBL
=005  19980819032600.0
=008  791022s1979\\\\iau\\\\\\\\\\\00000\eng\d
=035  9\$a52519
=035  \\$a(OCoLC)05575569
=040  \\$aIWA$cIWA
=099  \\$aISU$a1979$aC773
=100  10$aCook, Steven Bates.
=245  10$aPersuasive messages with varying amounts of stimuli and their influence on the attitude changes of learners.
=260  0\$c1979.
=300  \\$a91 leaves$billus.$c29 cm.
=500  \\$aTypescript (Photocopy).
=500  \\$aThesis (M.S.)--Iowa State University of Science and Technology.
=504  \\$aIncludes bibliography.
=690  \\$aProfessional studies.
=690  \\$aEducation (Curriculum and instructional media).
=690  \\$aCurriculum and instructional media.
=999  \\$a52519
=902  \\$axyz

