=LDR  00785nam  2200265   4500
=001  000052520
=003  BIBL
=005  19980819032600.0
=008  791022s1979\\\\iau\\\\\\\\\\\00000\eng\d
=035  9\$a52520
=035  \\$a(OCoLC)05575582
=040  \\$aIWA$cIWA
=099  \\$aISU$a1979$aF847
=100  10$aFrancis, Lorna Lee.
=245  12$aA content analysis of the movement patterns of characters in children's television programs.
=260  0\$c1979.
=300  \\$a85 .$billus.$c29 cm.
=500  \\$aTypescript (Photocopy).
=500  \\$aThesis (M.S.)--Iowa State University of Science and Technology.
=504  \\$aIncludes bibliography.
=690  \\$aProfessional studies.
=690  \\$aEducation (Physical education).
=690  \\$aPhysical education.
=999  \\$a52520
=902  \\$axyz

