=LDR  00623nam  2200241   4500
=001  000052521
=003  BIBL
=005  19980819032600.0
=008  791022s1979\\\\iau\\\\\\\\\\\00000\eng\d
=035  9\$a52521
=035  \\$a(OCoLC)05575588
=040  \\$aIWA$cIWA
=099  \\$aISU$a1979$aM199
=100  10$aMcKeown, Roger Reed.
=245  10$aLove or a season: a novel.
=260  0\$c1979.
=300  \\$a164 .$billus.$c29 cm.
=500  \\$aTypescript (Photocopy).
=500  \\$aThesis (M.A.)--Iowa State University of Science and Technology.
=504  \\$aIncludes bibliography.
=690  \\$aEnglish
=999  \\$a52521
=902  \\$axyz

