=LDR  00731nam  2200241   4500
=001  000052522
=003  BIBL
=005  19980819032600.0
=008  791022s1979\\\\iau\\\\\\\\\\\00000\eng\d
=035  9\$a52522
=035  \\$a(OCoLC)05575598
=040  \\$aIWA$cIWA
=099  \\$aISU$a1979$aD955
=100  00$aDutta, Apurba.
=245  10$aAnalysis of loading strategies and processing times on capacity utilization and job shop queues - a simulation approach.
=260  0\$c1979.
=300  \\$a109 leaves$billus.$c29 cm.
=500  \\$aTypescript (Photocopy).
=500  \\$aThesis (M.S.)--Iowa State University of Science and Technology.
=504  \\$aIncludes bibliography.
=690  \\$aIndustrial engineering
=999  \\$a52522
=902  \\$axyz

