=LDR  00989nam  2200277   4500
=001  000052525
=003  BIBL
=005  20061130104000.0
=008  791022s1979\\\\iau\\\\\\\\\\\00000\eng\d
=035  9\$a52525
=035  \\$a(OCoLC)05575619
=040  \\$aIWA$cIWA
=099  \\$aISU$a1979$aB862
=100  00$aBueno, Alvaro,$d1946-
=245  10$aLeaf area estimation, growth analysis, and yield evaluation in grain sorghum (Sorghum bicolor L. Moench.).
=260  0\$c1979.
=300  \\$a241 .$billus.$c29 cm.
=530  \\$aAlso available online.
=500  \\$aTypescript (Photocopy).
=500  \\$aThesis--Iowa State University of Science and Technology.
=504  \\$aIncludes bibliography.
=690  \\$aAgronomy
=690  \\$aPlant breeding and cytogenetics.
=856  41$uhttp://proxy.lib.iastate.edu/login?url=http://gateway.proquest.com/openurl?url_ver=Z39.88-2004&rft_val_fmt=info:ofi/fmt:kev:mtx:dissertation&res_dat=xri:pqdiss&rft_dat=xri:pqdiss:8010219
=999  \\$a52525
=902  \\$axyz

