=LDR  00756nam  2200253   4500
=001  000052526
=003  BIBL
=005  19980819032600.0
=008  791022s1979\\\\iau\\\\\\\\\\\00000\eng\d
=035  9\$a52526
=035  \\$a(OCoLC)05575634
=040  \\$aIWA$cIWA
=099  \\$aISU$a1979$aZ44
=100  00$aZenk, Mary Catherine.
=245  10$aZinc, copper, and manganese balance of nine young obese college women on self-selected and calorie-restricted diets.
=260  0\$c1979.
=300  \\$a219 leaves$billus.$c29 cm.
=500  \\$aTypescript (Photocopy).
=500  \\$aThesis (M.S.)--Iowa State University of Science and Technology.
=504  \\$aIncludes bibliography.
=690  \\$aFood and nutrition.
=690  \\$aNutrition
=999  \\$a52526
=902  \\$axyz

