=LDR  00760nam  2200253   4500
=001  000052527
=003  BIBL
=005  19980819032600.0
=008  791022s1979\\\\iau\\\\\\\\\\\00000\eng\d
=035  9\$a52527
=035  \\$a(OCoLC)05575643
=040  \\$aIWA$cIWA
=099  \\$aISU$a1979$aW727
=100  00$aWinger, Carol Ly.
=245  14$aThe genetics and floral morphology of a sterile, flower structure mutant in soybeans, Glycine max (L.) Merrill.
=260  0\$c1979.
=300  \\$a177 leaves$billus.$c29 cm.
=500  \\$aTypescript (Photocopy).
=500  \\$aThesis (M.S.)--Iowa State University of Science and Technology.
=504  \\$aIncludes bibliography.
=690  \\$aAgronomy
=690  \\$aPlant breeding and cytogenetics.
=999  \\$a52527
=902  \\$axyz

