=LDR  01000nam  2200277   4500
=001  000052529
=003  BIBL
=005  20061129104300.0
=008  791022s1979\\\\iau\\\\\\\\\\\00000\eng\d
=035  9\$a52529
=035  \\$a(OCoLC)05575713
=040  \\$aIWA$cIWA
=099  \\$aISU$a1979$aL974
=100  10$aLupton, Harold Wayne.
=245  10$aDevelopment and evaluation of a subunit vaccine for infectious bovine rhinotracheitis.
=260  0\$c1979.
=300  \\$a149 .$billus.$c29 cm.
=530  \\$aAlso available online.
=500  \\$aTypescript (Photocopy).
=500  \\$aThesis--Iowa State University of Science and Technology.
=504  \\$aIncludes bibliography.
=690  \\$aVeterinary microbiology and preventive medicine.
=690  \\$aVeterinary microbiology
=856  41$uhttp://proxy.lib.iastate.edu/login?url=http://gateway.proquest.com/openurl?url_ver=Z39.88-2004&rft_val_fmt=info:ofi/fmt:kev:mtx:dissertation&res_dat=xri:pqdiss&rft_dat=xri:pqdiss:8000154
=999  \\$a52529
=902  \\$axyz

