=LDR  00684nam  2200241   4500
=001  000052779
=003  BIBL
=005  19980819033300.0
=008  791025s1979\\\\iau\\\\\\\\\\\00000\eng\d
=035  9\$a52779
=035  \\$a(OCoLC)05587021
=040  \\$aIWA$cIWA
=099  \\$aISU$a1979$aV615
=100  10$aVerser, Katherine Smithen.
=245  10$aDifferences in parenting between stepparents and natural parents.
=260  0\$c1979.
=300  \\$a88 leaves$billus.$c29 cm.
=500  \\$aTypescript (Photocopy).
=500  \\$aThesis (M.S.)--Iowa State University of Science and Technology.
=504  \\$aIncludes bibliography.
=690  \\$aFamily environment.
=999  \\$a52779
=902  \\$axyz

