=LDR  00668nam  2200241   4500
=001  000052780
=003  BIBL
=005  19980819033300.0
=008  791025s1979\\\\iau\\\\\\\\\\\00000\eng\d
=035  9\$a52780
=035  \\$a(OCoLC)05587030
=040  \\$aIWA$cIWA
=099  \\$aISU$a1979$aG119
=100  10$aGaeddert, William Peter.
=245  10$aEffects of sex and situation congruence on achievement behavior.
=260  0\$c1979.
=300  \\$a110 .$billus.$c29 cm.
=500  \\$aTypescript (Photocopy).
=500  \\$aThesis (M.S.)--Iowa State University of Science and Technology.
=504  \\$aIncludes bibliography.
=690  \\$aPsychology
=999  \\$a52780
=902  \\$axyz

