=LDR  00712nam  2200265   4500
=001  000052782
=003  BIBL
=005  19980819033300.0
=008  791025s1979\\\\iau\\\\\\\\\\\00000\eng\d
=035  9\$a52782
=035  \\$a(OCoLC)05587040
=040  \\$aIWA$cIWA
=099  \\$aISU$a1979$aG112
=100  00$aGabel, Mark Lauren.
=245  12$aA biosystematic study of the Elymus (Gramineae) of Iowa.
=260  0\$c1979.
=300  \\$a107 .$billus.$c29 cm.
=500  \\$aTypescript (Photocopy).
=500  \\$aThesis (M.S.)--Iowa State University of Science and Technology.
=504  \\$aIncludes bibliography.
=690  \\$aBotany
=690  \\$aBotany (Taxonomy).
=690  \\$aTaxonomy.
=999  \\$a52782
=902  \\$axyz

