=LDR  00744nam  2200265   4500
=001  000052783
=003  BIBL
=005  19980819033300.0
=008  791025s1979\\\\iau\\\\\\\\\\\00000\eng\d
=035  9\$a52783
=035  \\$a(OCoLC)05587047
=040  \\$aIWA$cIWA
=099  \\$aISU$a1979$aG763
=100  00$aGranberg, Steven J.
=245  10$aExperience of expanded awareness and self concept.
=260  0\$c1979.
=300  \\$a58 .$billus.$c29 cm.
=500  \\$aTypescript (Photocopy).
=500  \\$aThesis (M.S.)--Iowa State University of Science and Technology.
=504  \\$aIncludes bibliography.
=690  \\$aProfessional studies.
=690  \\$aEducation (Counselor education)
=690  \\$aCounselor education.
=999  \\$a52783
=902  \\$axyz

