=LDR  00935nam  2200277   4500
=001  000052784
=003  BIBL
=005  20061130103200.0
=008  791025s1979\\\\iau\\\\\\\\\\\00000\eng\d
=035  9\$a52784
=035  \\$a(OCoLC)05587054
=040  \\$aIWA$cIWA
=099  \\$aISU$a1979$aUL5
=100  00$aUlmer, Susan Ellen.
=245  10$aAluminum toxicity and root DNA synthesis in wheat.
=260  0\$c1979.
=300  \\$a128 leaves$billus.$c29 cm.
=530  \\$aAlso available online.
=500  \\$aTypescript (Photocopy).
=500  \\$aThesis--Iowa State University of Science and Technology.
=504  \\$aIncludes bibliography.
=630  \0$aAgronomy.
=690  \\$aCrop production and physiology.
=856  41$uhttp://proxy.lib.iastate.edu/login?url=http://gateway.proquest.com/openurl?url_ver=Z39.88-2004&rft_val_fmt=info:ofi/fmt:kev:mtx:dissertation&res_dat=xri:pqdiss&rft_dat=xri:pqdiss:8000181
=999  \\$a52784
=902  \\$axyz

