=LDR  00999cam  2200277   4500
=001  000052785
=003  BIBL
=005  20061129104400.0
=008  791025s1979\\\\iau\\\\\\\\\\\00000\eng\d
=035  9\$a52785
=035  \\$a(OCoLC)05587061
=040  \\$aIWA$cIWA
=099  \\$aISU$a1979$aM343
=100  00$aMarkus, Howard David,$d1946-
=245  10$aEffects of varying concentrations of certain major and minor nutrients on the interaction between a blue-green alga and a diatom.
=260  0\$c1979.
=300  \\$a61 .$billus.$c29 cm.
=530  \\$aAlso available online.
=500  \\$aTypescript (Photocopy).
=500  \\$aThesis--Iowa State University of Science and Technology.
=504  \\$aIncludes bibliography.
=690  \\$aBotany
=690  \4$aWater resources
=856  41$uhttp://proxy.lib.iastate.edu/login?url=http://gateway.proquest.com/openurl?url_ver=Z39.88-2004&rft_val_fmt=info:ofi/fmt:kev:mtx:dissertation&res_dat=xri:pqdiss&rft_dat=xri:pqdiss:8000156
=999  \\$a52785
=902  \\$axyz

