=LDR  01058nam  2200277   4500
=001  000052787
=003  BIBL
=005  20080729113300.0
=008  791025s1979\\\\iau\\\\\\\\\\\00000\eng\d
=035  9\$a52787
=035  \\$a(OCoLC)05587091
=040  \\$aIWA$cIWA
=099  \\$aISU$a1979$aC162
=100  10$aCanfield, Daniel Evans.
=245  10$aPrediction of total phosphorus concentrations and trophic states in natural and artificial lakes: the importance of phosphorus sedimentation.
=260  0\$c1979.
=300  \\$a93 leaves :$billus. ;$c29 cm. and microfiches (2 sheets) 4x6 in.
=530  \\$aAlso available online.
=500  \\$aTypescript (Photocopy).
=500  \\$aThesis--Iowa State University of Science and Technology.
=504  \\$aIncludes bibliography.
=690  \\$aLimnology
=690  \\$aZoology (Limnology).
=856  41$uhttp://proxy.lib.iastate.edu/login?url=http://gateway.proquest.com/openurl?url_ver=Z39.88-2004&rft_val_fmt=info:ofi/fmt:kev:mtx:dissertation&res_dat=xri:pqdiss&rft_dat=xri:pqdiss:8000120
=999  \\$a52787
=902  \\$axyz

