=LDR  00838nam  2200265   4500
=001  000052789
=003  BIBL
=005  19980819033300.0
=008  791025s1979\\\\iau\\\\\\\\\\\00000\eng\d
=035  9\$a52789
=035  \\$a(OCoLC)05587098
=040  \\$aIWA$cIWA
=099  \\$aISU$a1979$aM585
=100  10$aMielak, Victoria Anne.
=245  10$aProblems of the free lance artist in regard to publishing illustrations designed to accompany juvenile oriented literature.
=260  0\$c1979.
=300  \\$a35 .$billus.$c29 cm. +$e18 slides (col.)
=500  \\$aTypescript (Photocopy).
=500  \\$aThesis (M.A.)--Iowa State University of Science and Technology.
=504  \\$aIncludes bibliography.
=690  \\$aArt and design.
=690  \\$aArt and design (Advertising design).
=690  \\$aAdvertising design.
=999  \\$a52789
=902  \\$axyz

