=LDR  00816nam  2200265   4500
=001  000052791
=003  BIBL
=005  19980819033300.0
=008  791025s1979\\\\iau\\\\\\\\\\\00000\eng\d
=035  9\$a52791
=035  \\$a(OCoLC)05587116
=040  \\$aIWA$cIWA
=099  \\$aISU$a1979$aK953
=100  10$aKudron, Georgeann.
=245  10$aInvestigate how concept interacts through fibers with varied media, involving study, process and introspection.
=260  0\$c1979.
=300  \\$a62 leaves :$billus.$c29 cm. +$e49 slides (col.)
=500  \\$aTypescript (Photocopy).
=500  \\$aThesis (M.A.)--Iowa State University of Science and Technology.
=504  \\$aIncludes bibliography.
=690  \\$aArt and design.
=690  \\$aArt and design (Craft design)
=690  \\$aCraft design.
=999  \\$a52791
=902  \\$axyz

