=LDR  01055nam  2200289   4500
=001  000052793
=003  BIBL
=005  20061130104700.0
=008  791025s1979\\\\iau\\\\\\\\\\\00000\eng\d
=035  9\$a52793
=035  \\$a(OCoLC)05587128
=040  \\$aIWA$cIWA
=099  \\$aISU$a1979$aF963
=100  00$aFunck, James Walter,$d1952-
=245  10$aFeasibility study on efficient processing and use of eastern cottonwood (Populus deltoides Bartr.) for wall framing lumber.
=260  0\$c1979.
=300  \\$a141 leaves$billus.$c29 cm.
=530  \\$aAlso available online.
=500  \\$aTypescript (Photocopy).
=500  \\$aThesis--Iowa State University of Science and Technology.
=504  \\$aIncludes bibliography.
=690  \0$aForestry
=690  \0$aForestry (Biology-Wood science).
=690  \0$aBiology-Wood science.
=856  41$uhttp://proxy.lib.iastate.edu/login?url=http://gateway.proquest.com/openurl?url_ver=Z39.88-2004&rft_val_fmt=info:ofi/fmt:kev:mtx:dissertation&res_dat=xri:pqdiss&rft_dat=xri:pqdiss:8010229
=999  \\$a52793
=902  \\$axyz

