=LDR  01151nam  2200289   4500
=001  000052794
=003  BIBL
=005  20061103111000.0
=008  791025s1979\\\\iau\\\\\\\\\\\00000\eng\d
=035  9\$a52794
=035  \\$a(OCoLC)05587138
=040  \\$aIWA$cIWA
=099  \\$aISU$a1979$aSh47
=100  00$aShepard, Delbert Austin,$d1946-
=245  10$aStaff development needs of full-time instructional staff in Arts & Science/General Education and Career Education/Vocational-Technical Education Programs of Iowa's Community Colleges.
=260  0\$c1979.
=300  \\$a190 leaves$billus.$c29 cm.
=530  \\$aAlso available online.
=500  \\$aTypescript (Photocopy).
=500  \\$aThesis--Iowa State University of Science and Technology.
=504  \\$aIncludes bibliography.
=650  \0$aSchool management and organization
=690  \\$aProfessional studies.
=690  \\$aEducation (Educational administration)
=856  41$uhttp://proxy.lib.iastate.edu/login?url=http://gateway.proquest.com/openurl?url_ver=Z39.88-2004&rft_val_fmt=info:ofi/fmt:kev:mtx:dissertation&res_dat=xri:pqdiss&rft_dat=xri:pqdiss:8000172
=999  \\$a52794
=902  \\$axyz

