=LDR  01114cam  2200313   4500
=001  000052795
=003  BIBL
=005  20061103111000.0
=008  791025s1979\\\\iau\\\\\\\\\\\00000\eng\d
=035  9\$a52795
=035  \\$a(OCoLC)05587145
=040  \\$aIWA$cIWA
=099  \\$aISU$a1979$aSa13
=100  10$aSabbaghian, Zahra,$d1951.
=245  10$aAdult self-directedness and self-concept: an exploration of relationship.
=260  0\$c1979.
=300  \\$a198 leaves$billus.$c29 cm.
=530  \\$aAlso available online.
=500  \\$aTypescript (Photocopy).
=500  \\$aThesis--Iowa State University of Science and Technology.
=504  \\$aIncludes bibliography.
=690  \\$aProfessional studies.
=690  \\$aEducation (Adult and extension education).
=690  \\$aEducation (Higher education).
=690  \\$aAdult and extension education.
=690  \0$aHigher education
=856  41$uhttp://proxy.lib.iastate.edu/login?url=http://gateway.proquest.com/openurl?url_ver=Z39.88-2004&rft_val_fmt=info:ofi/fmt:kev:mtx:dissertation&res_dat=xri:pqdiss&rft_dat=xri:pqdiss:8000170
=999  \\$a52795
=902  \\$axyz

