=LDR  00715nam  2200241   4500
=001  000052796
=003  BIBL
=005  19980819033300.0
=008  791025s1979\\\\iau\\\\\\\\\\\00000\eng\d
=035  9\$a52796
=035  \\$a(OCoLC)05587152
=040  \\$aIWA$cIWA
=099  \\$aISU$a1979$aC761
=100  00$aConitz, Cass Cameron.
=245  10$aControl of nitrous acid catalyst in the partitioning of uranium and plutonium by solvent extraction.
=260  0\$c1979.
=300  \\$a50 leaves$billus.$c29 cm.
=500  \\$aTypescript (Photocopy).
=500  \\$aThesis (M.S.)--Iowa State University of Science and Technology.
=504  \\$aIncludes bibliography.
=650  \0$aChemical engineering
=999  \\$a52796
=902  \\$axyz

