=LDR  00752nam  2200241   4500
=001  000052798
=003  BIBL
=005  19980819033300.0
=008  791025s1979\\\\iau\\\\\\\\\\\00000\eng\d
=035  9\$a52798
=035  \\$a(OCoLC)05587156
=040  \\$aIWA$cIWA
=099  \\$aISU$a1979$aG253
=100  10$aGay, Roger Lee.
=245  10$aImportance of selected vocational agriculture teacher occupational tasks as perceived by Virginia principals and vocational agriculture teachers.
=260  0\$c1979.
=300  \\$a118 .$billus.$c29 cm.
=500  \\$aTypescript (Photocopy).
=500  \\$aThesis (M.S.)--Iowa State University of Science and Technology.
=504  \\$aIncludes bibliography.
=690  \\$aAgricultural education
=999  \\$a52798
=902  \\$axyz

