=LDR  00986nam  2200277   4500
=001  000053065
=003  BIBL
=005  20061103110900.0
=008  791030s1979\\\\iau\\\\\\\\\\\00000\eng\d
=035  9\$a53065
=035  \\$a(OCoLC)05626162
=040  \\$aIWA$cIWA
=099  \\$aISU$a1979$aR339
=100  00$aRezazadeh, Farhad.
=245  10$aAgricultural development in Iran: evaluation of state planning and policies in relation to agriculture.
=260  0\$c1979.
=300  \\$a239 leaves$billus.$c29 cm.
=530  \\$aAlso available online.
=500  \\$aTypescript (Photocopy).
=500  \\$aThesis--Iowa State University of Science and Technology.
=504  \\$aIncludes bibliography.
=650  \0$aAgriculture$xEconomic aspects
=690  \\$aEconomics
=856  41$uhttp://proxy.lib.iastate.edu/login?url=http://gateway.proquest.com/openurl?url_ver=Z39.88-2004&rft_val_fmt=info:ofi/fmt:kev:mtx:dissertation&res_dat=xri:pqdiss&rft_dat=xri:pqdiss:8000166
=999  \\$a53065
=902  \\$axyz

