=LDR  01062cam  2200289   4500
=001  000053067
=003  BIBL
=005  20061103105600.0
=008  791030s1979\\\\iau\\\\\\\\\\\00000\eng\d
=035  9\$a53067
=035  \\$a(OCoLC)05626198
=040  \\$aIWA$cIWA
=099  \\$aISU$a1979$aAr77
=100  10$aArthur, James Vincent,$d1949-
=245  13$aAn evaluation of the effectiveness of learning packages in the preparation of teacher education students for a job search.
=260  0\$c1979.
=300  \\$a160 leaves.$billus.$c29 cm.
=530  \\$aAlso available online.
=500  \\$aTypescript (Photocopy).
=500  \\$aThesis--Iowa State University of Science and Technology.
=504  \\$aIncludes bibliography.
=690  \\$aProfessional studies.
=690  \\$aEducation (Higher education).
=690  \0$aHigher education
=856  41$uhttp://proxy.lib.iastate.edu/login?url=http://gateway.proquest.com/openurl?url_ver=Z39.88-2004&rft_val_fmt=info:ofi/fmt:kev:mtx:dissertation&res_dat=xri:pqdiss&rft_dat=xri:pqdiss:8000111
=999  \\$a53067
=902  \\$axyz

