=LDR  00945nam  2200277   4500
=001  000053068
=003  BIBL
=005  20061129105400.0
=008  791030s1979\\\\iau\\\\\\\\\\\00000\eng\d
=035  9\$a53068
=035  \\$a(OCoLC)05626216
=040  \\$aIWA$cIWA
=099  \\$aISU$a1979$aSa117
=100  20$aSaad-El-Din, Mohamed Sami,$d1946-
=245  10$aSelection indexes for assigning economic values to oat lines.
=260  0\$c1979.
=300  \\$a164 leaves$billus.$c29 cm.
=530  \\$aAlso available online.
=500  \\$aTypescript (Photocopy).
=500  \\$aThesis--Iowa State University of Science and Technology.
=504  \\$aIncludes bibliography.
=630  \0$aAgronomy.
=650  \0$aPlant breeding
=856  41$uhttp://proxy.lib.iastate.edu/login?url=http://gateway.proquest.com/openurl?url_ver=Z39.88-2004&rft_val_fmt=info:ofi/fmt:kev:mtx:dissertation&res_dat=xri:pqdiss&rft_dat=xri:pqdiss:8000169
=999  \\$a53068
=902  \\$axyz

