=LDR  00720nam  2200253   4500
=001  000053069
=003  BIBL
=005  19980819034100.0
=008  791030s1979\\\\iau\\\\\\\\\\\00000\eng\d
=035  9\$a53069
=035  \\$a(OCoLC)05626234
=040  \\$aIWA$cIWA
=099  \\$aISU$a1979$aG341
=100  00$aGhaffarzadeh, Mohammadreza.
=245  10$aFactors influencing available potassium level in the subsoil horizons of Iowa soils.
=260  0\$c1979.
=300  \\$a196 .$billus.$c29 cm.
=500  \\$aTypescript (Photocopy).
=500  \\$aThesis (M.S.)--Iowa State University of Science and Technology.
=504  \\$aIncludes bibliography.
=690  \\$aAgronomy
=690  \\$aSoil fertility
=999  \\$a53069
=902  \\$axyz

