=LDR  00984nam  2200277   4500
=001  000053071
=003  BIBL
=005  20061129103300.0
=008  791030s1979\\\\iau\\\\\\\\\\\00000\eng\d
=035  9\$a53071
=035  \\$a(OCoLC)05626272
=040  \\$aIWA$cIWA
=099  \\$aISU$a1979$aG342
=100  00$aGheresus, Petros.
=245  10$aResource recovery from solid waste: sub-system operating economic analysis of the Ames, Iowa, system.
=260  0\$c1979.
=300  \\$a206 .$billus.$c29 cm.
=530  \\$aAlso available online.
=500  \\$aTypescript (Photocopy).
=500  \\$aThesis--Iowa State University of Science and Technology.
=504  \\$aIncludes bibliography.
=690  \\$aIndustrial engineering
=690  \\$aEngineering valuation.
=856  41$uhttp://proxy.lib.iastate.edu/login?url=http://gateway.proquest.com/openurl?url_ver=Z39.88-2004&rft_val_fmt=info:ofi/fmt:kev:mtx:dissertation&res_dat=xri:pqdiss&rft_dat=xri:pqdiss:8000135
=999  \\$a53071
=902  \\$axyz

