=LDR  00976nam  2200277   4500
=001  000053073
=003  BIBL
=005  20061129105500.0
=008  791030s1979\\\\iau\\\\\\\\\\\00000\eng\d
=035  9\$a53073
=035  \\$a(OCoLC)05626279
=040  \\$aIWA$cIWA
=099  \\$aISU$a1979$aSo45
=100  00$aSoliman, Hashem Moustafa,$d1944-
=245  10$aPhysiological characters in maize (Zea mays L.) and their relationship to stalk rot.
=260  0\$c1979.
=300  \\$a89 .$billus.$c29 cm.
=530  \\$aAlso available online.
=500  \\$aTypescript (Photocopy).
=500  \\$aThesis--Iowa State University of Science and Technology.
=504  \\$aIncludes bibliography.
=690  \\$aAgronomy
=690  \\$aCrop production and physiology.
=856  41$uhttp://proxy.lib.iastate.edu/login?url=http://gateway.proquest.com/openurl?url_ver=Z39.88-2004&rft_val_fmt=info:ofi/fmt:kev:mtx:dissertation&res_dat=xri:pqdiss&rft_dat=xri:pqdiss:8000174
=999  \\$a53073
=902  \\$axyz

