=LDR  00669nam  2200241   4500
=001  000053209
=003  BIBL
=005  19980819034500.0
=008  791101s1979\\\\iau\\\\\\\\\\\00000\eng\d
=035  9\$a53209
=035  \\$a(OCoLC)05633846
=040  \\$aIWA$cIWA
=099  \\$aISU$a1979$aG212
=100  00$aGaskill, William C.
=245  10$aAnalog/hybrid simulations in chemical engineering education.
=260  0\$c1979.
=300  \\$a285 .$billus.$c29 cm.
=500  \\$aTypescript (Photocopy).
=500  \\$aThesis (M.S.)--Iowa State University of Science and Technology.
=504  \\$aIncludes bibliography.
=650  \0$aChemical engineering
=999  \\$a53209
=902  \\$axyz

