=LDR  00762nam  2200241   4500
=001  000053210
=003  BIBL
=005  19980819034500.0
=008  791101s1979\\\\iau\\\\\\\\\\\00000\eng\d
=035  9\$a53210
=035  \\$a(OCoLC)05633861
=040  \\$aIWA$cIWA
=099  \\$aISU$a1979$aEL86
=100  10$aElvin, Mary Kristine.
=245  10$aRate of ovarian development in the house fly, Musca domestica Linnaeus (Diptera: Muscidae) and some possible agents of natural selection that may affect it.
=260  0\$c1979.
=300  \\$a106 leaves$billus.$c29 cm.
=500  \\$aTypescript (Photocopy).
=500  \\$aThesis (M.S.)--Iowa State University of Science and Technology.
=504  \\$aIncludes bibliography.
=690  \\$aEntomology
=999  \\$a53210
=902  \\$axyz

