=LDR  00748nam  2200253   4500
=001  000053211
=003  BIBL
=005  19980819034500.0
=008  791101s1979\\\\iau\\\\\\\\\\\00000\eng\d
=035  9\$a53211
=035  \\$a(OCoLC)05633877
=040  \\$aIWA$cIWA
=099  \\$aISU$a1979$aR117
=100  10$aRademaker, Adrian Douglas.
=245  10$aAnalysis of leachates from solid residues produced at urban waste-to-energy conversion facilities.
=260  0\$c1979.
=300  \\$a218 .$billus.$c29 cm.
=500  \\$aTypescript (Photocopy).
=500  \\$aThesis (M.S.)--Iowa State University of Science and Technology.
=504  \\$aIncludes bibliography.
=650  \0$aCivil engineering
=690  \\$aSanitary engineering
=999  \\$a53211
=902  \\$axyz

