=LDR  00680nam  2200241   4500
=001  000053212
=003  BIBL
=005  19980819034500.0
=008  791101s1979\\\\iau\\\\\\\\\\\00000\eng\d
=035  9\$a53212
=035  \\$a(OCoLC)05633887
=040  \\$aIWA$cIWA
=099  \\$aISU$a1979$aC886
=100  00$aCrowther, Alan Paul.
=245  10$aEffects of processing on adsorption of off-flavors of soy protein.
=260  0\$c1979.
=300  \\$a86 leaves$billus.$c29 cm.
=500  \\$aTypescript (Photocopy).
=500  \\$aThesis (M.S.)--Iowa State University of Science and Technology.
=504  \\$aIncludes bibliography.
=650  \0$aChemical engineering
=999  \\$a53212
=902  \\$axyz

