=LDR  00609nam  2200241   4500
=001  000053213
=003  BIBL
=005  19980819034500.0
=008  791101s1979\\\\iau\\\\\\\\\\\00000\eng\d
=035  9\$a53213
=035  \\$a(OCoLC)05633901
=040  \\$aIWA$cIWA
=099  \\$aISU$a1979$aC4579
=100  10$aChou, Joanne W
=245  10$aChinese fiction in Taiwan.
=260  0\$c1979.
=300  \\$a54 .$c29 cm.
=500  \\$aTypescript (Photocopy).
=500  \\$aThesis (M.A.)--Iowa State University of Science and Technology.
=504  \\$aIncludes bibliography.
=690  \\$aEnglish
=999  \\$a53213
=902  \\$axyz

