=LDR  00961nam  2200277   4500
=001  000053239
=003  BIBL
=005  20061103111400.0
=008  791102s1979\\\\iau\\\\\\\\\\\00000\eng\d
=035  9\$a53239
=035  \\$a(OCoLC)05637172
=040  \\$aIWA$cIWA
=099  \\$aISU$a1979$aF17
=100  00$aFaisal, Abdulla Abdul-Rahman,$d1939-
=245  13$aAn examination of a social development model applied to health.
=260  0\$c1979.
=300  \\$a207 leaves$billus.$c29 cm.
=530  \\$aAlso available online.
=500  \\$aTypescript (Photocopy).
=500  \\$aThesis--Iowa State University of Science and Technology.
=504  \\$aIncludes bibliography.
=690  \\$aSociology and anthropology.
=690  \\$aSociology
=856  41$uhttp://proxy.lib.iastate.edu/login?url=http://gateway.proquest.com/openurl?url_ver=Z39.88-2004&rft_val_fmt=info:ofi/fmt:kev:mtx:dissertation&res_dat=xri:pqdiss&rft_dat=xri:pqdiss:8010228
=999  \\$a53239
=902  \\$axyz

