=LDR  00975nam  2200265   4500
=001  000053240
=003  BIBL
=005  20061130103900.0
=008  791102s1979\\\\iau\\\\\\\\\\\00000\eng\d
=035  9\$a53240
=035  \\$a(OCoLC)05637189
=040  \\$aIWA$cIWA
=099  \\$aISU$a1979$aB4649
=100  10$aBest, Richard L
=245  13$aAn investigation into the feeding habits, population density, dispersion, and dispersal of several species of carabids found in Iowa cornfields.
=260  0\$c1979.
=300  \\$a111 .$billus.$c29 cm.
=530  \\$aAlso available online.
=500  \\$aTypescript (Photocopy).
=500  \\$aThesis--Iowa State University of Science and Technology.
=504  \\$aIncludes bibliography.
=690  \\$aEntomology
=856  41$uhttp://proxy.lib.iastate.edu/login?url=http://gateway.proquest.com/openurl?url_ver=Z39.88-2004&rft_val_fmt=info:ofi/fmt:kev:mtx:dissertation&res_dat=xri:pqdiss&rft_dat=xri:pqdiss:8010217
=999  \\$a53240
=902  \\$axyz

