=LDR  00976nam  2200277   4500
=001  000053241
=003  BIBL
=005  20061130112900.0
=008  791102s1979\\\\iau\\\\\\\\\\\00000\eng\d
=035  9\$a53241
=035  \\$a(OCoLC)05637195
=040  \\$aIWA$cIWA
=099  \\$aISU$a1979$aP414
=100  00$aPereira, Vicente de Paula,$d1942-
=245  10$aEroded sediment size distributions as affected by corn-soybean rotations and tillage systems.
=260  0\$c1979.
=300  \\$a159 leaves$billus.$c29 cm.
=530  \\$aAlso available online.
=500  \\$aTypescript (Photocopy).
=500  \\$aThesis--Iowa State University of Science and Technology.
=504  \\$aIncludes bibliography.
=690  \\$aAgronomy
=690  \\$aSoil management
=856  41$uhttp://proxy.lib.iastate.edu/login?url=http://gateway.proquest.com/openurl?url_ver=Z39.88-2004&rft_val_fmt=info:ofi/fmt:kev:mtx:dissertation&res_dat=xri:pqdiss&rft_dat=xri:pqdiss:8010254
=999  \\$a53241
=902  \\$axyz

