=LDR  00886nam  2200289 i 4500
=001  000054123
=003  BIBL
=005  19980819040900.0
=008  791115s1930\\\\coua\\\\\b\\\\00010\eng\d
=035  9\$a54123
=035  \\$a(OCoLC)05697062
=040  \\$aIWA$cIWA
=049  \\$aIWAF
=050  \\$aTA439$b.M87x
=090  \\$aTA439$b.M87x
=100  10$aMurphy, Glenn,$d1908-
=245  14$aThe effect of mixture, age, curing, and test conditions upon the physical properties of concrete and mortars /$cby Glenn Murphy.
=260  1\$c1930.
=300  \\$a38 leaves :$bill. ;$c28 cm.
=500  \\$aTypescript.
=500  \\$aSpine title: Tests of concrete and mortars.
=500  \\$aThesis (M.S.)--University of Colorado.
=504  \\$aIncludes bibliographical references.
=650  \0$aConcrete$xTesting
=650  \0$aMortar$xTesting.
=740  01$aTests of concrete and mortars.
=999  \\$a54123

