=LDR  00752nam  22002415i 4500
=001  000055190
=003  BIBL
=005  19980819043900.0
=008  791205s1979\\\\xx\\\\\\\\\\\\00010\eng\d
=035  9\$a55190
=035  \\$a(OCoLC)05764785
=040  \\$aIWA$cIWA
=099  \\$aISU$a1979$aF852
=100  10$aFrank, Clifford John.
=245  14$aThe investigation of the pig as the major vector of the porcine viral disease, transmissable gastroenteritis (TGE) /$cby Clifford John Frank.
=260  0\$c1979.
=300  \\$a81 leaves :$bill. ;$c29 cm.
=500  \\$aTypescript (Photocopy).
=500  \\$aThesis (M.S.)--Iowa State University of Science and Technology.
=504  \\$aIncludes bibliography.
=690  \\$aImmunobiology.
=999  \\$a55190
=902  \\$axyz

