=LDR  00917nam  22002655i 4500
=001  000055191
=003  BIBL
=005  20061130105200.0
=008  791205s1979\\\\xx\\\\\\\\\\\\00010\eng\d
=035  9\$a55191
=035  \\$a(OCoLC)05764794
=040  \\$aIWA$cIWA
=099  \\$aISU$a1979$aL578
=100  10$aLevin, Clifford Arthur.
=245  10$aRepression and the absence of retrieval cues /$cby Clifford Arthur Levin.
=260  0\$c1979.
=300  \\$a75 leaves :$bill. ;$c29 cm.
=530  \\$aAlso available online.
=500  \\$aTypescript (Photocopy).
=500  \\$aThesis--Iowa State University of Science and Technology.
=504  \\$aIncludes bibliography.
=690  \\$aPsychology
=856  41$uhttp://proxy.lib.iastate.edu/login?url=http://gateway.proquest.com/openurl?url_ver=Z39.88-2004&rft_val_fmt=info:ofi/fmt:kev:mtx:dissertation&res_dat=xri:pqdiss&rft_dat=xri:pqdiss:8010240
=999  \\$a55191
=902  \\$axyz

