=LDR  00934nam  22002655i 4500
=001  000055192
=003  BIBL
=005  20061103111600.0
=008  791205s1979\\\\xx\\\\\\\\\\\\00010\eng\d
=035  9\$a55192
=035  \\$a(OCoLC)05764802
=040  \\$aIWA$cIWA
=099  \\$aISU$a1979$aL436
=100  00$aLawrence, David B.,$d1952-
=245  14$aThe quantification of the value of information in decision making /$cDavid B. Lawrence.
=260  0\$c1979.
=300  \\$a159 leaves :$bill. ;$c29 cm.
=530  \\$aAlso available online.
=500  \\$aTypescript (Photocopy).
=500  \\$aThesis--Iowa State University of Science and Technology.
=504  \\$aIncludes bibliography.
=690  \\$aEconomics
=856  41$uhttp://proxy.lib.iastate.edu/login?url=http://gateway.proquest.com/openurl?url_ver=Z39.88-2004&rft_val_fmt=info:ofi/fmt:kev:mtx:dissertation&res_dat=xri:pqdiss&rft_dat=xri:pqdiss:8010238
=999  \\$a55192
=902  \\$axyz

