=LDR  00728nam  22002415i 4500
=001  000055193
=003  BIBL
=005  19980819043900.0
=008  791205s1979\\\\xx\\\\\\\\\\\\00010\eng\d
=035  9\$a55193
=035  \\$a(OCoLC)05764810
=040  \\$aIWA$cIWA
=099  \\$aISU$a1979$aL567
=100  10$aLess, JoAnn Marie.
=245  10$aEnergy conservation attitudes: a comparison between households and local elected officials /$cby JoAnn Marie Less.
=260  0\$c1979.
=300  \\$a111 leaves :$bill. ;$c29 cm.
=500  \\$aTypescript (Photocopy).
=500  \\$aThesis (M.S.)--Iowa State University of Science and Technology.
=504  \\$aIncludes bibliography.
=690  \\$aFamily environment.
=999  \\$a55193
=902  \\$axyz

