=LDR  00720nam  22002415i 4500
=001  000055194
=003  BIBL
=005  19980819043900.0
=008  791205s1979\\\\xx\\\\\\\\\\\\00010\eng\d
=035  9\$a55194
=035  \\$a(OCoLC)05764817
=040  \\$aIWA$cIWA
=099  \\$aISU$a1979$aAb94
=100  00$aAbul-Faraj, Waleed Hussain.
=245  10$aEvaluation of human error in high temperature gas cooled reactor /$cby Waleed Hussain Abul-Faraj.
=260  0\$c1979.
=300  \\$a155 leaves :$bill. ;$c29 cm.
=500  \\$aTypescript (Photocopy).
=500  \\$aThesis (M.S.)--Iowa State University of Science and Technology.
=504  \\$aIncludes bibliography.
=690  \\$aNuclear engineering
=999  \\$a55194
=902  \\$axyz

