=LDR  00734nam  22002415i 4500
=001  000055195
=003  BIBL
=005  19980819043900.0
=008  791205s1979\\\\xx\\\\\\\\\\\\00010\eng\d
=035  9\$a55195
=035  \\$a(OCoLC)05764820
=040  \\$aIWA$cIWA
=099  \\$aISU$a1979$aOf2
=100  00$aOfferman, Ken.
=245  10$aHuman behavior and drought : a communication strategy to change nomadic pastoral practices /$cby Ken Offerman.
=260  0\$c1979.
=300  \\$a196 leaves :$bill. ;$c29 cm.
=500  \\$aTypescript (Photocopy).
=500  \\$aThesis (M.S.)--Iowa State University of Science and Technology.
=504  \\$aIncludes bibliography.
=690  \\$aJournalism and mass communication.
=999  \\$a55195
=902  \\$axyz

