=LDR  00725nam  22002415i 4500
=001  000055196
=003  BIBL
=005  19980819043900.0
=008  791205s1979\\\\xx\\\\\\\\\\\\00010\eng\d
=035  9\$a55196
=035  \\$a(OCoLC)05764823
=040  \\$aIWA$cIWA
=099  \\$aISU$a1979$aW553
=100  00$aWhalen, Anna Hart.
=245  14$aThe Iowa House of Representatives Public Information Office: a case study /$cby Anna Hart Whalen.
=260  0\$c1979.
=300  \\$a48 leaves :$bill. ;$c29 cm.
=500  \\$aTypescript (Photocopy).
=500  \\$aThesis (M.S.)--Iowa State University of Science and Technology.
=504  \\$aIncludes bibliography.
=690  \\$aJournalism and mass communication.
=999  \\$a55196
=902  \\$axyz

