=LDR  00691nam  22002415i 4500
=001  000055197
=003  BIBL
=005  19980819044000.0
=008  791205s1979\\\\xx\\\\\\\\\\\\00010\eng\d
=035  9\$a55197
=035  \\$a(OCoLC)05764829
=040  \\$aIWA$cIWA
=099  \\$aISU$a1979$aC188
=100  10$aCarey, Kay Harshbarger.
=245  10$aFertility, crowding and residential mobility /$cby Kay Harshbarger Carey.
=260  0\$c1979.
=300  \\$a67 leaves :$bill. ;$c29 cm.
=500  \\$aTypescript (Photocopy).
=500  \\$aThesis (M.S.)--Iowa State University of Science and Technology.
=504  \\$aIncludes bibliography.
=690  \\$aFamily environment.
=999  \\$a55197
=902  \\$axyz

