=LDR  01065nam  22002775i 4500
=001  000055377
=003  BIBL
=005  20061103111800.0
=008  791210s1979\\\\xx\\\\\\\\\\\\00010\eng\d
=035  9\$a55377
=035  \\$a(OCoLC)05779586
=040  \\$aIWA$cIWA
=099  \\$aISU$a1979$aN145
=100  10$aNajmaie, Mohammad Hossain,$d1949-
=245  10$aLongitudinal effects of a self-paced instructional method in an introductory university biology course /$cby Mohammad Hossain Najmaie.
=260  0\$c1979.
=300  \\$a157 leaves :$bill. ;$c29 cm.
=530  \\$aAlso available online.
=500  \\$aTypescript (Photocopy).
=500  \\$aThesis--Iowa State University of Science and Technology.
=504  \\$aIncludes bibliography.
=690  \\$aProfessional studies in education.
=690  \\$aEducation (Research and evaluation)
=856  41$uhttp://proxy.lib.iastate.edu/login?url=http://gateway.proquest.com/openurl?url_ver=Z39.88-2004&rft_val_fmt=info:ofi/fmt:kev:mtx:dissertation&res_dat=xri:pqdiss&rft_dat=xri:pqdiss:8010249
=999  \\$a55377
=902  \\$axyz

