=LDR  00993nam  22002775i 4500
=001  000055379
=003  BIBL
=005  20061130110600.0
=008  791210s1979\\\\xx\\\\\\\\\\\\00010\eng\d
=035  9\$a55379
=035  \\$a(OCoLC)05779592
=040  \\$aIWA$cIWA
=099  \\$aISU$a1979$aN627
=100  10$aNipper, Weldon Allen,$d1949-
=245  14$aThe origin of the metabolic fecal nitrogen in relation to protein requirements /$cby Weldon Allen Nipper.
=260  0\$c1979.
=300  \\$a230 leaves :$bill. ;$c29 cm.
=530  \\$aAlso available online.
=500  \\$aTypescript (Photocopy).
=500  \\$aThesis--Iowa State University of Science and Technology.
=504  \\$aIncludes bibliography.
=690  \\$aAnimal science.
=690  \\$aAnimal nutrition
=856  41$uhttp://proxy.lib.iastate.edu/login?url=http://gateway.proquest.com/openurl?url_ver=Z39.88-2004&rft_val_fmt=info:ofi/fmt:kev:mtx:dissertation&res_dat=xri:pqdiss&rft_dat=xri:pqdiss:8010250
=999  \\$a55379
=902  \\$axyz

