=LDR  00720nam  22002415i 4500
=001  000055381
=003  BIBL
=005  19980819044600.0
=008  791210s1979\\\\xx\\\\\\\\\\\\00010\eng\d
=035  9\$a55381
=035  \\$a(OCoLC)05779615
=040  \\$aIWA$cIWA
=099  \\$aISU$a1979$aM825
=100  10$aMoriarty, Gary Steven.
=245  10$aPost-occupancy evaluations by architects: a procedure for information processing /$cby Gary Steven Moriarty.
=260  0\$c1979.
=300  \\$a363 leaves :$bill.$c29 cm.
=500  \\$aTypescript (Photocopy).
=500  \\$aThesis (M.Arch.)--Iowa State University of Science and Technology.
=504  \\$aIncludes bibliography.
=690  \\$aArchitecture
=999  \\$a55381
=902  \\$axyz

