=LDR  00777nam  22002535i 4500
=001  000055384
=003  BIBL
=005  19980819044600.0
=008  791210s1979\\\\xx\\\\\\\\\\\\00010\eng\d
=035  9\$a55384
=035  \\$a(OCoLC)05779643
=040  \\$aIWA$cIWA
=099  \\$aISU$a1979$aM285
=100  10$aMain, Bradley Wells.
=245  10$aCardiovascular response to isoproterenol in norepinephrine-pretreated and in exercised rats /$cby Bradley Wells Main.
=260  0\$c1979.
=300  \\$a54 leaves :$bill.$c29 cm.
=500  \\$aTypescript (Photocopy).
=500  \\$aThesis (M.S.)--Iowa State University of Science and Technology.
=504  \\$aIncludes bibliography.
=690  \\$aVeterinary physiology and pharmacology.
=690  \\$aPhysiology
=999  \\$a55384
=902  \\$axyz

