=LDR  00702cam  22002415i 4500
=001  000055385
=003  BIBL
=005  19990312155500.0
=008  791210s1979\\\\xx\\\\\\\\\\\\00010\eng\d
=035  9\$a55385
=035  \\$a(OCoLC)05779655
=040  \\$aIWA$cIWA
=099  \\$aISU$a1979$aB135
=100  10$aBacon, Larry Donald.
=245  12$aA feasibility study of troposcatter communications at 35 GHz /$cby Larry Donald Bacon.
=260  0\$c1979.
=300  \\$a55 leaves :$bill.$c29 cm.
=500  \\$aTypescript (Photocopy).
=500  \\$aThesis (M.S.)--Iowa State University of Science and Technology.
=504  \\$aIncludes bibliography.
=690  \4$aElectrical engineering
=999  \\$a55385
=902  \\$axyz

