=LDR  00770nam  22002655i 4500
=001  000055386
=003  BIBL
=005  19980819044600.0
=008  791210s1979\\\\xx\\\\\\\\\\\\00010\eng\d
=035  9\$a55386
=035  \\$a(OCoLC)05779668
=040  \\$aIWA$cIWA
=099  \\$aISU$a1979$aW995
=100  10$aWyrick, Richard A.
=245  10$aLife history and ecological studies on Aplexa hypnorum (Gastropoda: Physidae) /$cby Richard A. Wyrick.
=260  0\$c1979.
=300  \\$a74 leaves :$bill.$c29 cm.
=500  \\$aTypescript (Photocopy).
=500  \\$aThesis (M.S.)--Iowa State University of Science and Technology.
=504  \\$aIncludes bibliography.
=690  \\$aZoology
=690  \\$aZoology (Parasitology).
=690  \\$aParasitology
=999  \\$a55386
=902  \\$axyz

