=LDR  00935nam  22002655i 4500
=001  000055388
=003  BIBL
=005  20061130110900.0
=008  791210s1979\\\\xx\\\\\\\\\\\\00010\eng\d
=035  9\$a55388
=035  \\$a(OCoLC)05779766
=040  \\$aIWA$cIWA
=099  \\$aISU$a1979$aP25
=100  10$aParsian, Ahmad,$d1951-
=245  10$aAdmissible and minimax multiparameter estimation in exponential families /$cby Ahmad Parsian.
=260  0\$c1979.
=300  \\$a90 leaves :$bill. ;$c29 cm.
=530  \\$aAlso available online.
=500  \\$aTypescript (Photocopy).
=500  \\$aThesis--Iowa State University of Science and Technology.
=504  \\$aIncludes bibliography.
=690  \\$aStatistics
=856  41$uhttp://proxy.lib.iastate.edu/login?url=http://gateway.proquest.com/openurl?url_ver=Z39.88-2004&rft_val_fmt=info:ofi/fmt:kev:mtx:dissertation&res_dat=xri:pqdiss&rft_dat=xri:pqdiss:8010253
=999  \\$a55388
=902  \\$axyz

