=LDR  00779nam  22002535i 4500
=001  000055461
=003  BIBL
=005  19980819044900.0
=008  791211s1979\\\\xx\\\\\\\\\\\\00010\eng\d
=035  9\$a55461
=035  \\$a(OCoLC)05782208
=040  \\$aIWA$cIWA
=099  \\$aISU$a1979$aH3962
=100  00$aHenry, Steven Merrill.
=245  10$aEconomic impact of erosion control and forage production on a representative farm in southern Iowa /$cby Steven Merrill Henry.
=260  0\$c1979.
=300  \\$a133 leaves :$bill.$c29 cm.
=500  \\$aTypescript (Photocopy).
=500  \\$aThesis (M.S.)--Iowa State University of Science and Technology.
=504  \\$aIncludes bibliography.
=650  \0$aAgriculture$xEconomic aspects
=690  \\$aEconomics
=999  \\$a55461
=902  \\$axyz

