=LDR  01016nam  22002895i 4500
=001  000055462
=003  BIBL
=005  20061130113900.0
=008  791211s1979\\\\xx\\\\\\\\\\\\00010\eng\d
=035  9\$a55462
=035  \\$a(OCoLC)05782213
=040  \\$aIWA$cIWA
=099  \\$aISU$a1979$aW151
=100  10$aWalker, Christopher,$d1944-
=245  10$aHybrid poplar mycorrhizae and endogonaceous spores in Iowa /$cby Christopher Walker.
=260  0\$c1979.
=300  \\$a261 leaves :$bill.$c29 cm.
=530  \\$aAlso available online.
=500  \\$aTypescript (Photocopy).
=500  \\$aThesis--Iowa State University of Science and Technology.
=504  \\$aIncludes bibliography.
=690  \0$aForestry
=690  \0$aForestry (Biology-Wood science).
=690  \0$aBiology-Wood science.
=856  41$uhttp://proxy.lib.iastate.edu/login?url=http://gateway.proquest.com/openurl?url_ver=Z39.88-2004&rft_val_fmt=info:ofi/fmt:kev:mtx:dissertation&res_dat=xri:pqdiss&rft_dat=xri:pqdiss:8010265
=999  \\$a55462
=902  \\$axyz

