=LDR  00942nam  22002655i 4500
=001  000055463
=003  BIBL
=005  20061103111700.0
=008  791211s1979\\\\xx\\\\\\\\\\\\00010\eng\d
=035  9\$a55463
=035  \\$a(OCoLC)05782221
=040  \\$aIWA$cIWA
=099  \\$aISU$a1979$aM426
=100  00$aMathis, Stephen Allan,$d1951-
=245  13$aAn approach to the delineation of geographical banking market areas /$cby Stephen Allan Mathis.
=260  0\$c1979.
=300  \\$a97 leaves :$bill.$c29 cm.
=530  \\$aAlso available online.
=500  \\$aTypescript (Photocopy).
=500  \\$aThesis--Iowa State University of Science and Technology.
=504  \\$aIncludes bibliography.
=690  \\$aEconomics
=856  41$uhttp://proxy.lib.iastate.edu/login?url=http://gateway.proquest.com/openurl?url_ver=Z39.88-2004&rft_val_fmt=info:ofi/fmt:kev:mtx:dissertation&res_dat=xri:pqdiss&rft_dat=xri:pqdiss:8010247
=999  \\$a55463
=902  \\$axyz

