=LDR  01032nam  22002775i 4500
=001  000055464
=003  BIBL
=005  20061103111900.0
=008  791211s1979\\\\xx\\\\\\\\\\\\00010\eng\d
=035  9\$a55464
=035  \\$a(OCoLC)05782241
=040  \\$aIWA$cIWA
=099  \\$aISU$a1979$aR544
=100  10$aRoberts, Roland K.,$d1950-
=245  10$aAnalysis of selected policy impacts on the U.S. livestock sector by a five-commodity econometric simulation model /$cby Roland Keith Roberts.
=260  0\$c1979.
=300  \\$a220 leaves :$bill.$c29 cm.
=530  \\$aAlso available online.
=500  \\$aTypescript (Photocopy).
=500  \\$aThesis--Iowa State University of Science and Technology.
=504  \\$aIncludes bibliography.
=650  \0$aAgriculture$xEconomic aspects
=690  \\$aEconomics
=856  41$uhttp://proxy.lib.iastate.edu/login?url=http://gateway.proquest.com/openurl?url_ver=Z39.88-2004&rft_val_fmt=info:ofi/fmt:kev:mtx:dissertation&res_dat=xri:pqdiss&rft_dat=xri:pqdiss:8010258
=999  \\$a55464
=902  \\$axyz

