=LDR  01023nam  22002655i 4500
=001  000055625
=003  BIBL
=005  20061130105900.0
=008  791212s1979\\\\xx\\\\\\\\\\\\00010\eng\d
=035  9\$a55625
=035  \\$a(OCoLC)05789195
=040  \\$aIWA$cIWA
=099  \\$aISU$a1979$aL74
=100  00$aLiu, Tai-Kang.
=245  10$aHigh temperature corrosion studies :$bA. Iron-based superalloy in SO−b2−s/O−b2 −satmospheres; B. Gas-solid reaction with formation of volatile species /$cby Tai-Kang Liu.
=260  0\$c1979.
=300  \\$a190 leaves :$bill. ;$c29 cm.
=530  \\$aAlso available online.
=500  \\$aTypescript (Photocopy).
=500  \\$aThesis--Iowa State University of Science and Technology.
=504  \\$aIncludes bibliography.
=650  \0$aChemical engineering
=856  41$uhttp://proxy.lib.iastate.edu/login?url=http://gateway.proquest.com/openurl?url_ver=Z39.88-2004&rft_val_fmt=info:ofi/fmt:kev:mtx:dissertation&res_dat=xri:pqdiss&rft_dat=xri:pqdiss:8010242
=999  \\$a55625
=902  \\$axyz

