=LDR  00933cam  22002655i 4500
=001  000055626
=003  BIBL
=005  20061130104800.0
=008  791212s1979\\\\xx\\\\\\\\\\\\00010\eng\d
=035  9\$a55626
=035  \\$a(OCoLC)05789199
=040  \\$aIWA$cIWA
=099  \\$aISU$a1979$aG257
=100  10$aGayou, Donald Edward.
=245  10$aDigital image enhancement of B-scan echocardiograms /$cby Donald Edward Gayou.
=260  0\$c1979.
=300  \\$a117 leaves :$bill. ;$c29 cm.
=530  \\$aAlso available online.
=500  \\$aTypescript (Photocopy).
=500  \\$aThesis--Iowa State University of Science and Technology.
=504  \\$aIncludes bibliography.
=690  \4$aElectrical engineering
=856  41$uhttp://proxy.lib.iastate.edu/login?url=http://gateway.proquest.com/openurl?url_ver=Z39.88-2004&rft_val_fmt=info:ofi/fmt:kev:mtx:dissertation&res_dat=xri:pqdiss&rft_dat=xri:pqdiss:8010230
=999  \\$a55626
=902  \\$axyz

