=LDR  00929nam  22002655i 4500
=001  000055627
=003  BIBL
=005  20061103112100.0
=008  791212s1979\\\\xx\\\\\\\\\\\\00010\eng\d
=035  9\$a55627
=035  \\$a(OCoLC)05789202
=040  \\$aIWA$cIWA
=099  \\$aISU$a1979$aW495
=100  10$aWerner, Sonia Soneson,$d1951-
=245  10$aAffect and moral judgment in older children /$cby Sonia Soneson Werner.
=260  0\$c1979.
=300  \\$a135 leaves :$bill. ;$c29 cm.
=530  \\$aAlso available online.
=500  \\$aTypescript (Photocopy).
=500  \\$aThesis--Iowa State University of Science and Technology.
=504  \\$aIncludes bibliography.
=690  \\$aChild development
=856  41$uhttp://proxy.lib.iastate.edu/login?url=http://gateway.proquest.com/openurl?url_ver=Z39.88-2004&rft_val_fmt=info:ofi/fmt:kev:mtx:dissertation&res_dat=xri:pqdiss&rft_dat=xri:pqdiss:8010266
=999  \\$a55627
=902  \\$axyz

