=LDR  00940nam  22002655i 4500
=001  000055628
=003  BIBL
=005  20061130113900.0
=008  791212s1979\\\\xx\\\\\\\\\\\\00010\eng\d
=035  9\$a55628
=035  \\$a(OCoLC)05789203
=040  \\$aIWA$cIWA
=099  \\$aISU$a1979$aW786
=100  00$aWittneben, W. James,$d1953-
=245  10$aDesign and evaluation of a reference string sampling method /$cby W. James Wittneben.
=260  0\$c1979.
=300  \\$a196 leaves :$bill. ;$c29 cm.
=530  \\$aAlso available online.
=500  \\$aTypescript (Photocopy).
=500  \\$aThesis--Iowa State University of Science and Technology.
=504  \\$aIncludes bibliography.
=690  \\$aComputer science
=856  41$uhttp://proxy.lib.iastate.edu/login?url=http://gateway.proquest.com/openurl?url_ver=Z39.88-2004&rft_val_fmt=info:ofi/fmt:kev:mtx:dissertation&res_dat=xri:pqdiss&rft_dat=xri:pqdiss:8010267
=999  \\$a55628
=902  \\$axyz

