=LDR  00830nam  22002535i 4500
=001  000055629
=003  BIBL
=005  19980819045500.0
=008  791212s1979\\\\xx\\\\\\\\\\\\00010\eng\d
=035  9\$a55629
=035  \\$a(OCoLC)05789210
=040  \\$aIWA$cIWA
=099  \\$aISU$a1979$aAr54
=100  10$aArmbrust, Amy Lorraine.
=245  10$aComparison of liquid and solid selective media for isolation of Brucella abortus from vaginal secretions of cattle /$cby Amy Lorraine Armbrust.
=260  0\$c1979.
=300  \\$a95 leaves :$bill. ;$c29 cm.
=500  \\$aTypescript (Photocopy).
=500  \\$aThesis (M.S.)--Iowa State University of Science and Technology.
=504  \\$aIncludes bibliography.
=690  \\$aVeterinary microbiology and preventive medicine.
=690  \\$aVeterinary microbiology
=999  \\$a55629
=902  \\$axyz

