=LDR  00730nam  22002535i 4500
=001  000055631
=003  BIBL
=005  19980819045500.0
=008  791212s1979\\\\xx\\\\\\\\\\\\00010\eng\d
=035  9\$a55631
=035  \\$a(OCoLC)05789221
=040  \\$aIWA$cIWA
=099  \\$aISU$a1979$aM569
=100  00$aMetz, Grant Loyal.
=245  10$aDevelopmental and morphological characters related to yield in soybeans /$cby Grant Loyal Metz.
=260  0\$c1979.
=300  \\$a127 leaves :$bill. ;$c29 cm.
=500  \\$aTypescript (Photocopy).
=500  \\$aThesis (M.S.)--Iowa State University of Science and Technology.
=504  \\$aIncludes bibliography.
=630  \0$aAgronomy.
=650  \0$aPlant breeding
=999  \\$a55631
=902  \\$axyz

