=LDR  00827cam  22002535i 4500
=001  000055632
=003  BIBL
=005  19990315144000.0
=008  791212s1979\\\\xx\\\\\\\\\\\\00010\eng\d
=035  9\$a55632
=035  \\$a(OCoLC)05789224
=040  \\$aIWA$cIWA
=099  \\$aISU$a1979$aV287
=100  10$aVan Deusen, Richard A.
=245  10$aSubtype identification and pathogenicity of avian influenza isolates from pet birds imported into the United States /$cby Richard A. Van Deusen.
=260  0\$c1979.
=300  \\$a61 leaves :$bill. ;$c29 cm.
=500  \\$aTypescript (Photocopy).
=500  \\$aThesis (M.S.)--Iowa State University of Science and Technology.
=504  \\$aIncludes bibliography.
=690  \\$aVeterinary microbiology and preventive medicine.
=690  \0$aPreventive medicine.
=999  \\$a55632
=902  \\$axyz

