=LDR  00697nam  22002415i 4500
=001  000055633
=003  BIBL
=005  19980819045500.0
=008  791212s1979\\\\xx\\\\\\\\\\\\00010\eng\d
=035  9\$a55633
=035  \\$a(OCoLC)05789227
=040  \\$aIWA$cIWA
=099  \\$aISU$a1979$aL267
=100  10$aLangowski, Theodore John.
=245  10$aDesign determinants of pedestrian shopping malls /$cby Theodore John Langowski.
=260  0\$c1979.
=300  \\$a162 leaves :$bill. ;$c29 cm.
=500  \\$aTypescript (Photocopy).
=500  \\$aThesis (M. Arch.)--Iowa State University of Science and Technology.
=504  \\$aIncludes bibliography.
=690  \\$aArchitecture
=999  \\$a55633
=902  \\$axyz

