=LDR  00706nam  22002415i 4500
=001  000055634
=003  BIBL
=005  19980819045500.0
=008  791212s1979\\\\xx\\\\\\\\\\\\00010\eng\d
=035  9\$a55634
=035  \\$a(OCoLC)05789234
=040  \\$aIWA$cIWA
=099  \\$aISU$a1979$aAr37
=100  10$aArgenta, David Alan.
=245  10$aAmes-Des Moines commuters: a transit potential? /$cby David Alan Argenta.
=260  0\$c1979.
=300  \\$a132 leaves :$bill. ;$c29 cm.
=500  \\$aTypescript (Photocopy).
=500  \\$aThesis (M.C.R.P.)--Iowa State University of Science and Technology.
=504  \\$aIncludes bibliography.
=690  \\$aCommunity and regional planning.
=999  \\$a55634
=902  \\$axyz

