=LDR  00695cam  22002415i 4500
=001  000055635
=003  BIBL
=005  19990312155300.0
=008  791212s1979\\\\xx\\\\\\\\\\\\00010\eng\d
=035  9\$a55635
=035  \\$a(OCoLC)05789238
=040  \\$aIWA$cIWA
=099  \\$aISU$a1979$aH299
=100  10$aHavenhill, Douglas Dean.
=245  10$aLimit cycle oscillations in digital filters /$cby Douglas Dean Havenhill.
=260  0\$c1979.
=300  \\$a86 leaves :$bill. ;$c29 cm.
=500  \\$aTypescript (Photocopy).
=500  \\$aThesis (M.S.)--Iowa State University of Science and Technology.
=504  \\$aIncludes bibliography.
=690  \4$aElectrical engineering
=999  \\$a55635
=902  \\$axyz

