=LDR  00923nam  22002655i 4500
=001  000055636
=003  BIBL
=005  20061130104900.0
=008  791212s1979\\\\xx\\\\\\\\\\\\00010\eng\d
=035  9\$a55636
=035  \\$a(OCoLC)05789241
=040  \\$aIWA$cIWA
=099  \\$aISU$a1979$aH228
=100  10$aHarmsen, Allen G.,$d1951-
=245  14$aThe immunobiology of porcine alveolar macrophages /$cby Allen G. Harmsen.
=260  0\$c1979.
=300  \\$a98 leaves :$bill. ;$c29 cm.
=530  \\$aAlso available online.
=500  \\$aTypescript (Photocopy).
=500  \\$aThesis--Iowa State University of Science and Technology.
=504  \\$aIncludes bibliography.
=690  \\$aImmunobiology.
=856  41$uhttp://proxy.lib.iastate.edu/login?url=http://gateway.proquest.com/openurl?url_ver=Z39.88-2004&rft_val_fmt=info:ofi/fmt:kev:mtx:dissertation&res_dat=xri:pqdiss&rft_dat=xri:pqdiss:8010232
=999  \\$a55636
=902  \\$axyz

