=LDR  00772nam  22002535i 4500
=001  000055637
=003  BIBL
=005  19980819045500.0
=008  791212s1979\\\\xx\\\\\\\\\\\\00010\eng\d
=035  9\$a55637
=035  \\$a(OCoLC)05789244
=040  \\$aIWA$cIWA
=099  \\$aISU$a1979$aF872
=100  10$aFrederick, Robert Beneke.
=245  10$aResource utilization and behavior of migrating snow geese at DeSoto National Wildlife Refuge /$cby Robert Beneke Frederick.
=260  0\$c1979.
=300  \\$a68 leaves :$bill. ;$c29 cm.
=500  \\$aTypescript (Photocopy).
=500  \\$aThesis (M.S.)--Iowa State University of Science and Technology.
=504  \\$aIncludes bibliography.
=690  \\$aAnimal ecology
=690  \\$aWildlife biology.
=999  \\$a55637
=902  \\$axyz

