=LDR  00736nam  22002415i 4500
=001  000055638
=003  BIBL
=005  19980819045500.0
=008  791212s1979\\\\xx\\\\\\\\\\\\00010\eng\d
=035  9\$a55638
=035  \\$a(OCoLC)05789250
=040  \\$aIWA$cIWA
=099  \\$aISU$a1979$aP334
=100  00$aPeck, Carol Jacobs.
=245  13$aAn anatomical study of the gynoecium of black maple (Acer saccharum ssp. nigrum) from initiation to mature samara /$cby Carol Jacobs Peck.
=260  0\$c1979.
=300  \\$a230 p. :$bill. ;$c29 cm.
=500  \\$aTypescript (Photocopy).
=500  \\$aThesis (M.S.)--Iowa State University of Science and Technology.
=504  \\$aIncludes bibliography.
=690  \\$aBotany
=999  \\$a55638
=902  \\$axyz

