=LDR  00980nam  22002655i 4500
=001  000055639
=003  BIBL
=005  20061103111600.0
=008  791212s1979\\\\xx\\\\\\\\\\\\00010\eng\d
=035  9\$a55639
=035  \\$a(OCoLC)05789253
=040  \\$aIWA$cIWA
=099  \\$aISU$a1979$aL26
=100  00$aLange, Mark Dale,$d1948-
=245  13$aAn economic analysis of time allocation and capitol-labor ratios in household production of farm families in Iowa /$cby Mark Dale Lange.
=260  0\$c1979.
=300  \\$a178 leaves :$bill. ;$c29 cm.
=530  \\$aAlso available online.
=500  \\$aTypescript (Photocopy).
=500  \\$aThesis--Iowa State University of Science and Technology.
=504  \\$aIncludes bibliography.
=690  \\$aEconomics
=856  41$uhttp://proxy.lib.iastate.edu/login?url=http://gateway.proquest.com/openurl?url_ver=Z39.88-2004&rft_val_fmt=info:ofi/fmt:kev:mtx:dissertation&res_dat=xri:pqdiss&rft_dat=xri:pqdiss:8010237
=999  \\$a55639
=902  \\$axyz

