=LDR  01019nam  22002775i 4500
=001  000055640
=003  BIBL
=005  20061130110700.0
=008  791212s1979\\\\xx\\\\\\\\\\\\00010\eng\d
=035  9\$a55640
=035  \\$a(OCoLC)05789261
=040  \\$aIWA$cIWA
=099  \\$aISU$a1979$aOk1
=100  10$aOkafor, Ignatius Celestine Izuchukwu,$d1947-
=245  10$aElectro- and thermotransport of carbon in iron-nickel alloys /$cby Ignatius Celestine Izuchukwu Okafor.
=260  0\$c1979.
=300  \\$a100 leaves :$bill. ;$c29 cm.
=530  \\$aAlso available online.
=500  \\$aTypescript (Photocopy).
=500  \\$aThesis--Iowa State University of Science and Technology.
=504  \\$aIncludes bibliography.
=690  \\$aMaterials science and engineering.
=690  \\$aMetallurgy
=856  41$uhttp://proxy.lib.iastate.edu/login?url=http://gateway.proquest.com/openurl?url_ver=Z39.88-2004&rft_val_fmt=info:ofi/fmt:kev:mtx:dissertation&res_dat=xri:pqdiss&rft_dat=xri:pqdiss:8010251
=999  \\$a55640
=902  \\$axyz

