=LDR  00743nam  22002415i 4500
=001  000055641
=003  BIBL
=005  19980819045500.0
=008  791212s1979\\\\xx\\\\\\\\\\\\00010\eng\d
=035  9\$a55641
=035  \\$a(OCoLC)05789271
=040  \\$aIWA$cIWA
=099  \\$aISU$a1979$aM784
=100  10$aMoore, Janis Lynn Crane.
=245  10$aParenting topics and instructional strategies in Iowa vocational home economics programs /$cby Janis Lynn Crane Moore.
=260  0\$c1979.
=300  \\$a77 leaves :$bill. ;$c29 cm.
=500  \\$aTypescript (Photocopy).
=500  \\$aThesis (M.S.)--Iowa State University of Science and Technology.
=504  \\$aIncludes bibliography.
=690  \\$aHome economics education.
=999  \\$a55641
=902  \\$axyz

