=LDR  00730nam  22002415i 4500
=001  000055642
=003  BIBL
=005  19980819045500.0
=008  791212s1979\\\\xx\\\\\\\\\\\\00010\eng\d
=035  9\$a55642
=035  \\$a(OCoLC)05789277
=040  \\$aIWA$cIWA
=099  \\$aISU$a1979$aG9213
=100  10$aGruber, Kathleen E. Davis.
=245  10$aParenthood knowledge of students in vocational home economics programs /$cby Kathleen E. Davis Gruber.
=260  0\$c1979.
=300  \\$a66 leaves :$bill. ;$c29 cm.
=500  \\$aTypescript (Photocopy).
=500  \\$aThesis (M.S.)--Iowa State University of Science and Technology.
=504  \\$aIncludes bibliography.
=690  \\$aHome economics education.
=999  \\$a55642
=902  \\$axyz

