=LDR  00722cam  22002415i 4500
=001  000055643
=003  BIBL
=005  19990312155200.0
=008  791212s1979\\\\xx\\\\\\\\\\\\00010\eng\d
=035  9\$a55643
=035  \\$a(OCoLC)05789279
=040  \\$aIWA$cIWA
=099  \\$aISU$a1979$aL512
=100  10$aLee, Gi Young.
=245  10$aEffect of external magnetic field on the performance of the semiconductor injection lasers /$cby Gi Young Lee.
=260  0\$c1979.
=300  \\$a80 leaves :$bill. ;$c29 cm.
=500  \\$aTypescript (Photocopy).
=500  \\$aThesis (M.S.)--Iowa State University of Science and Technology.
=504  \\$aIncludes bibliography.
=690  \4$aElectrical engineering
=999  \\$a55643
=902  \\$axyz

