=LDR  00703nam  22002415i 4500
=001  000055644
=003  BIBL
=005  19980819045500.0
=008  791212s1979\\\\xx\\\\\\\\\\\\00010\eng\d
=035  9\$a55644
=035  \\$a(OCoLC)05789284
=040  \\$aIWA$cIWA
=099  \\$aISU$a1979$aSt52
=100  10$aStierman, Roger Joseph.
=245  10$aSuperconductivity in the lanthanum-yttrium-manganese alloy system /$cby Roger Joseph Stierman.
=260  0\$c1979.
=300  \\$a34 leaves :$bill. ;$c29 cm.
=500  \\$aTypescript (Photocopy).
=500  \\$aThesis (M.S.)--Iowa State University of Science and Technology.
=504  \\$aIncludes bibliography.
=690  \\$aMetallurgy
=999  \\$a55644
=902  \\$axyz

