=LDR  00781nam  22002535i 4500
=001  000055645
=003  BIBL
=005  19980819045500.0
=008  791212s1979\\\\xx\\\\\\\\\\\\00010\eng\d
=035  9\$a55645
=035  \\$a(OCoLC)05789293
=040  \\$aIWA$cIWA
=099  \\$aISU$a1979$aY86
=100  10$aYoung, Michael David.
=245  14$aThe effect of moderate dose administration of dopamine on pulmonary vascular tone in the dog /$cby Michael David Young.
=260  0\$c1979.
=300  \\$a49 leaves :$bill. ;$c29 cm.
=500  \\$aTypescript (Photocopy).
=500  \\$aThesis (M.S.)--Iowa State University of Science and Technology.
=504  \\$aIncludes bibliography.
=690  \\$aVeterinary physiology and pharmacology.
=690  \\$aPhysiology
=999  \\$a55645
=902  \\$axyz

