=LDR  00717nam  22002415i 4500
=001  000055646
=003  BIBL
=005  19980819045500.0
=008  791212s\\\\\\\\xx\\\\\\\\\\\\00010\eng\d
=035  9\$a55646
=035  \\$a(OCoLC)05789301
=040  \\$aIWA$cIWA
=099  \\$aISU$a1979$aR825
=100  20$aRubio-Morán, Rodolfo.
=245  10$aEffect of permethrin and malathion on Aedes trivittatus and Culex pipiens pipiens /$cby Rodolfo Rubio-Morán.
=260  0\$c1979.
=300  \\$a59 leaves :$bill. ;$c29 cm.
=500  \\$aTypescript (Photocopy).
=500  \\$aThesis (M.S.)--Iowa State University of Science and Technology.
=504  \\$aIncludes bibliography.
=690  \\$aEntomology
=999  \\$a55646
=902  \\$axyz

