=LDR  00707nam  22002415i 4500
=001  000055647
=003  BIBL
=005  19980819045500.0
=008  791212s1979\\\\xx\\\\\\\\\\\\00010\eng\d
=035  9\$a55647
=035  \\$a(OCoLC)05789302
=040  \\$aIWA$cIWA
=099  \\$aISU$a1979$aR334
=100  10$aReynolds, Gary L.
=245  12$aA site-specific simulation of energy utilization in operating rooms /$cby Gary L. Reynolds.
=260  0\$c1979.
=300  \\$a158 leaves :$bill. ;$c29 cm.
=500  \\$aTypescript (Photocopy).
=500  \\$aThesis (M.S.)--Iowa State University of Science and Technology.
=504  \\$aIncludes bibliography.
=690  \\$aMechanical engineering
=999  \\$a55647
=902  \\$axyz

