=LDR  00748cam  22002535i 4500
=001  000055648
=003  BIBL
=005  19990312155200.0
=008  791212s1979\\\\xx\\\\\\\\\\\\00010\eng\d
=035  9\$a55648
=035  \\$a(OCoLC)05789304
=040  \\$aIWA$cIWA
=099  \\$aISU$a1979$aSv51
=100  00$aSvoboda, Allyn Charles.
=245  12$aA review of electric power transmission issues /$cby Allyn Charles Svoboda.
=260  0\$c1979.
=300  \\$a214 leaves :$bill. ;$c29 cm.
=500  \\$aTypescript (Photocopy).
=500  \\$aThesis (M.S.)--Iowa State University of Science and Technology.
=504  \\$aIncludes bibliography.
=690  \\$aJournalism and mass communication.
=690  \4$aElectrical engineering
=999  \\$a55648
=902  \\$axyz

