=LDR  00746nam  22002415i 4500
=001  000055649
=003  BIBL
=005  19980819045500.0
=008  791212s1979\\\\xx\\\\\\\\\\\\00010\eng\d
=035  9\$a55649
=035  \\$a(OCoLC)05789306
=040  \\$aIWA$cIWA
=099  \\$aISU$a1979$aG447
=100  00$aGitau, Ndicu Edwin.
=245  13$aAn analysis of the coverage of Idi Amin by three selected daily English language newspapers /$cby Ndicu Edwin Gitau.
=260  0\$c1979.
=300  \\$a160 leaves :$bill. ;$c29 cm.
=500  \\$aTypescript (Photocopy).
=500  \\$aThesis (M.S.)--Iowa State University of Science and Technology.
=504  \\$aIncludes bibliography.
=690  \\$aJournalism and mass communication.
=999  \\$a55649
=902  \\$axyz

