=LDR  00766nam  22002415i 4500
=001  000055650
=003  BIBL
=005  19980819045500.0
=008  791212s1979\\\\xx\\\\\\\\\\\\00010\eng\d
=035  9\$a55650
=035  \\$a(OCoLC)05789308
=040  \\$aIWA$cIWA
=099  \\$aISU$a1979$aK852
=100  00$aKrabill, Verlin Arnold.
=245  14$aThe effect of interrupting normal nasal breathing on the brain temperature and cerebrospinal fluid pressure in the sheep /$cby Verlin Arnold Krabill.
=260  0\$c1979.
=300  \\$a59 leaves :$bill. ;$c29 cm.
=500  \\$aTypescript (Photocopy).
=500  \\$aThesis (M.S.)--Iowa State University of Science and Technology.
=504  \\$aIncludes bibliography.
=690  \\$aVeterinary anatomy
=999  \\$a55650
=902  \\$axyz

