=LDR  00745nam  22002415i 4500
=001  000055651
=003  BIBL
=005  19980819045500.0
=008  791212s1979\\\\xx\\\\\\\\\\\\00010\eng\d
=035  9\$a55651
=035  \\$a(OCoLC)05789311
=040  \\$aIWA$cIWA
=099  \\$aISU$a1979$aM375
=100  10$aMascianica, MaryEllen Riley.
=245  14$aThe influence of nitrogen source and shade on the growth and quality of Philodendron oxycardium /$cby MaryEllen Riley Mascianica.
=260  0\$c1979.
=300  \\$a83 leaves :$bill. ;$c29 cm.
=500  \\$aTypescript (Photocopy).
=500  \\$aThesis (M.S.)--Iowa State University of Science and Technology.
=504  \\$aIncludes bibliography.
=690  \\$aHorticulture
=999  \\$a55651
=902  \\$axyz

