=LDR  00756nam  22002415i 4500
=001  000055652
=003  BIBL
=005  19980819045500.0
=008  791212s1979\\\\xx\\\\\\\\\\\\00010\eng\d
=035  9\$a55652
=035  \\$a(OCoLC)05789314
=040  \\$aIWA$cIWA
=099  \\$aISU$a1979$aC691
=100  00$aCollier, Fleta Elaine.
=245  14$aThe Des Moines Register's editorial coverage of the first ten years of the Civil Rights Movement /$cby Fleta Elaine Collier.
=260  0\$c1979.
=300  \\$a79 leaves :$bill. ;$c29 cm.
=500  \\$aTypescript (Photocopy).
=500  \\$aThesis (M.S.)--Iowa State University of Science and Technology.
=504  \\$aIncludes bibliography.
=690  \\$aJournalism and mass communication.
=999  \\$a55652
=902  \\$axyz

