=LDR  00745nam  22002535i 4500
=001  000055653
=003  BIBL
=005  19980819045500.0
=008  791212s1979\\\\xx\\\\\\\\\\\\00010\eng\d
=035  9\$a55653
=035  \\$a(OCoLC)05789317
=040  \\$aIWA$cIWA
=099  \\$aISU$a1979$aC839
=100  00$aCox, Thomas Stanton.
=245  10$aInheritance and complementarity of genes for high groat protein from two Avena species /$cThomas Stanton Cox.
=260  0\$c1979.
=300  \\$a65 leaves :$bill. ;$c29 cm.
=500  \\$aTypescript (Photocopy).
=500  \\$aThesis (M.S.)--Iowa State University of Science and Technology.
=504  \\$aIncludes bibliography.
=630  \0$aAgronomy.
=650  \0$aPlant breeding
=999  \\$a55653
=902  \\$axyz

