=LDR  01112nam  22002895i 4500
=001  000055750
=003  BIBL
=005  20061103111300.0
=008  791214s\\\\\\\\xx\\\\\\\\\\\\00010\eng\d
=035  9\$a55750
=035  \\$a(OCoLC)05793869
=040  \\$aIWA$cIWA
=099  \\$aISU$a1979$aAn89
=100  00$aAntrim, Melvin L.,$d1931-
=245  10$aAttitudes of upper midwestern state school board members toward selected current critical issues related to public education /$cby Melvin L. Antrim.
=260  0\$c1979.
=300  \\$a216 leaves :$bill. ;$c29 cm.
=530  \\$aAlso available online.
=500  \\$aTypescript (Photocopy).
=500  \\$aThesis--Iowa State University of Science and Technology.
=504  \\$aIncludes bibliography.
=650  \0$aSchool management and organization
=690  \\$aProfessional studies.
=690  \\$aEducation (Educational administration)
=856  41$uhttp://proxy.lib.iastate.edu/login?url=http://gateway.proquest.com/openurl?url_ver=Z39.88-2004&rft_val_fmt=info:ofi/fmt:kev:mtx:dissertation&res_dat=xri:pqdiss&rft_dat=xri:pqdiss:8010213
=999  \\$a55750
=902  \\$axyz

