=LDR  00695nam  22002415i 4500
=001  000055751
=003  BIBL
=005  19980819045900.0
=008  791214s1979\\\\xx\\\\\\\\\\\\00010\eng\d
=035  9\$a55751
=035  \\$a(OCoLC)05793875
=040  \\$aIWA$cIWA
=099  \\$aISU$a1979$aH859
=100  00$aHsi, Morris Yu.
=245  10$aExperimental determination of transport coefficients for soil /$cby Morris Yu Hsi.
=260  0\$c1979.
=300  \\$a73 leaves :$bill. ;$c29 cm.
=500  \\$aTypescript (Photocopy).
=500  \\$aThesis (M.S.)--Iowa State University of Science and Technology.
=504  \\$aIncludes bibliography.
=690  \\$aMechanical engineering
=999  \\$a55751
=902  \\$axyz

