=LDR  00994nam  22002775i 4500
=001  000055753
=003  BIBL
=005  20061130113200.0
=008  791214s1979\\\\xx\\\\\\\\\\\\00010\eng\d
=035  9\$a55753
=035  \\$a(OCoLC)05793885
=040  \\$aIWA$cIWA
=099  \\$aISU$a1979$aSh19
=100  10$aShanks, Roger D
=245  10$aRelations among health cost, persistency, postpartum length, and milk production in Holstein cows /$cby Roger D. Shanks.
=260  0\$c1979.
=300  \\$a252 leaves :$bill. ;$c29 cm.
=530  \\$aAlso available online.
=500  \\$aTypescript (Photocopy).
=500  \\$aThesis--Iowa State University of Science and Technology.
=504  \\$aIncludes bibliography.
=690  \\$aAnimal science.
=690  \\$aAnimal breeding
=856  41$uhttp://proxy.lib.iastate.edu/login?url=http://gateway.proquest.com/openurl?url_ver=Z39.88-2004&rft_val_fmt=info:ofi/fmt:kev:mtx:dissertation&res_dat=xri:pqdiss&rft_dat=xri:pqdiss:8010262
=999  \\$a55753
=902  \\$axyz

