=LDR  00967nam  22002775i 4500
=001  000055754
=003  BIBL
=005  20061130110500.0
=008  791214s1979\\\\xx\\\\\\\\\\\\00010\eng\d
=035  9\$a55754
=035  \\$a(OCoLC)05793891
=040  \\$aIWA$cIWA
=099  \\$aISU$a1979$aL977
=100  10$aLutenegger, A. J.
=245  10$aRandom-walk variable wind model for loess deposits /$cby Alan James Lutenegger.
=260  0\$c1979.
=300  \\$a379 leaves :$bill. ;$c29 cm.
=530  \\$aAlso available online.
=500  \\$aTypescript (Photocopy).
=500  \\$aThesis--Iowa State University of Science and Technology.
=504  \\$aIncludes bibliography.
=650  \0$aCivil engineering
=690  \\$aGeotechnical engineering.
=856  41$uhttp://proxy.lib.iastate.edu/login?url=http://gateway.proquest.com/openurl?url_ver=Z39.88-2004&rft_val_fmt=info:ofi/fmt:kev:mtx:dissertation&res_dat=xri:pqdiss&rft_dat=xri:pqdiss:8010245
=999  \\$a55754
=902  \\$axyz

