=LDR  00758nam  22002535i 4500
=001  000055755
=003  BIBL
=005  19980819045900.0
=008  791214s1979\\\\xx\\\\\\\\\\\\00010\eng\d
=035  9\$a55755
=035  \\$a(OCoLC)05793899
=040  \\$aIWA$cIWA
=099  \\$aISU$a1979$aH551
=100  10$aHill, Edward K.
=245  10$aInhibition of host cell protein synthesis by Newcastle Disease Virus /$cby Edward K. Hill.
=260  0\$c1979.
=300  \\$a47 leaves :$bill. ;$c29 cm.
=500  \\$aTypescript (Photocopy).
=500  \\$aThesis (M.S.)--Iowa State University of Science and Technology.
=504  \\$aIncludes bibliography.
=690  \\$aBacteriology.
=690  \\$aMolecular, cellular, and developmental biology.
=999  \\$a55755
=902  \\$axyz

