=LDR  00681nam  22002415i 4500
=001  000055756
=003  BIBL
=005  19980819045900.0
=008  791214s1979\\\\xx\\\\\\\\\\\\00010\eng\d
=035  9\$a55756
=035  \\$a(OCoLC)05793906
=040  \\$aIWA$cIWA
=099  \\$aISU$a1979$aY88
=100  10$aYoung, William Dean.
=245  14$aThe Wilson-Gorman Tariff: a failure in Democratic leadership /$cby William Dean Young.
=260  0\$c1979.
=300  \\$a127 leaves ;$c29 cm.
=500  \\$aTypescript (Photocopy).
=500  \\$aThesis (M.A.)--Iowa State University of Science and Technology.
=504  \\$aIncludes bibliography.
=690  \\$aHistory
=999  \\$a55756
=902  \\$axyz

