=LDR  00725nam  22002415i 4500
=001  000055757
=003  BIBL
=005  19980819045900.0
=008  791214s1979\\\\xx\\\\\\\\\\\\00010\eng\d
=035  9\$a55757
=035  \\$a(OCoLC)05793915
=040  \\$aIWA$cIWA
=099  \\$aISU$a1979$aB751
=100  10$aBrenneman, Lowell Gregory.
=245  14$aThe effect of corn residue and slope on rill erosion and depositon /$cby Lowell Gregory Brenneman.
=260  0\$c1979.
=300  \\$a105 leaves :$bill. ;$c29 cm.
=500  \\$aTypescript (Photocopy).
=500  \\$aThesis (M.S.)--Iowa State University of Science and Technology.
=504  \\$aIncludes bibliography.
=690  \\$aAgricultural engineering
=999  \\$a55757
=902  \\$axyz

