=LDR  00714nam  22002415i 4500
=001  000055758
=003  BIBL
=005  19980819045900.0
=008  791214s1979\\\\xx\\\\\\\\\\\\00010\eng\d
=035  9\$a55758
=035  \\$a(OCoLC)05793922
=040  \\$aIWA$cIWA
=099  \\$aISU$a1979$aM598
=100  10$aMiletić, Gordana.
=245  14$aThe effect of modeling and type of message on children's reactions as listeners /$cby Gordana Miletić.
=260  0\$c1979.
=300  \\$a48 leaves :$bill. ;$c29 cm.
=500  \\$aTypescript (Photocopy).
=500  \\$aThesis (M.S.)--Iowa State University of Science and Technology.
=504  \\$aIncludes bibliography.
=690  \\$aChild development
=999  \\$a55758
=902  \\$axyz

