=LDR  00756cam  22002655i 4500
=001  000055759
=003  BIBL
=005  19990117010200.0
=008  791214s1979\\\\xx\\\\\\\\\\\\00010\eng\d
=035  9\$a55759
=035  \\$a(OCoLC)05793929
=040  \\$aIWA$cIWA
=049  \\$bPARKS
=099  \\$aISU$a1979$aB72
=100  10$aBraband, Lynn Allen.
=245  10$aRailroad right-of-ways as wildlife habitat in Story County, Iowa /$cby Lynn Allen Braband.
=260  0\$c1979.
=300  \\$a116 leaves :$bill. ;$c29 cm.
=500  \\$aTypescript (Photocopy).
=500  \\$aThesis (M.S.)--Iowa State University of Science and Technology.
=504  \\$aIncludes bibliography.
=690  \\$aAnimal ecology
=690  \\$aWildlife biology.
=999  \\$a55759
=902  \\$axyz

