=LDR  00820nam  22002415i 4500
=001  000055760
=003  BIBL
=005  20040218101600.0
=008  791214s1979\\\\xx\\\\\\\\\\\\00010\eng\d
=035  9\$a55760
=035  \\$a(OCoLC)05793934
=040  \\$aIWA$cIWA
=099  \\$aISU$a1979$aD721
=100  10$aDooley, Michael P.$q(Michael Patrick),$d1949-
=245  10$aComparative studies on dye sensitivity and specificity: the development of a dye-exclusion assay for the estimation of cat (Felis catus L.) sperm viability /$cby Michael Patrick Dooley.
=260  0\$c1979.
=300  \\$a45 leaves :$bill. ;$c29 cm.
=500  \\$aTypescript (Photocopy).
=500  \\$aThesis (M.S.)--Iowa State University of Science and Technology.
=504  \\$aIncludes bibliography.
=690  \\$aImmunobiology.
=999  \\$a55760
=902  \\$axyz

