=LDR  00753nam  22002535i 4500
=001  000055761
=003  BIBL
=005  19980819045900.0
=008  791214s1979\\\\xx\\\\\\\\\\\\00010\eng\d
=035  9\$a55761
=035  \\$a(OCoLC)05793946
=040  \\$aIWA$cIWA
=099  \\$aISU$a1979$aAs79
=100  10$aAssumpcao, Leda Cecilia de.
=245  10$aAllelopathic effects of four crop residues on corn seedlings /$cby Leda Cecilia de Assumpcao.
=260  0\$c1979.
=300  \\$a79 leaves :$bill. ;$c29 cm.
=500  \\$aTypescript (Photocopy).
=500  \\$aThesis (M.S.)--Iowa State University of Science and Technology.
=504  \\$aIncludes bibliography.
=630  \0$aAgronomy.
=690  \\$aCrop production and physiology.
=999  \\$a55761
=902  \\$axyz

