=LDR  00714nam  22002415i 4500
=001  000055962
=003  BIBL
=005  19980819050600.0
=008  791218s1979\\\\xx\\\\\\\\\\\\00010\eng\d
=035  9\$a55962
=035  \\$a(OCoLC)05808119
=040  \\$aIWA$cIWA
=099  \\$aISU$a1979$aK57
=100  10$aKimes, Steven Craig.
=245  10$aParticle size analysis and sediment transport: a field to stream study /$cby Steven Craig Kimes.
=260  0\$c1979.
=300  \\$a191 leaves :$bill.$c29 cm.
=500  \\$aTypescript (Photocopy).
=500  \\$aThesis (M.S.)--Iowa State University of Science and Technology.
=504  \\$aIncludes bibliography.
=690  \\$aAgricultural engineering
=999  \\$a55962
=902  \\$axyz

