=LDR  00680nam  22002415i 4500
=001  000055963
=003  BIBL
=005  19980819050600.0
=008  791218s1979\\\\xx\\\\\\\\\\\\00010\eng\d
=035  9\$a55963
=035  \\$a(OCoLC)05808130
=040  \\$aIWA$cIWA
=099  \\$aISU$a1979$aAr97
=100  10$aAryan, Hooman.
=245  10$aAnalysis and future proposal for Bazaar of Tehran, Iran. /$cby Hooman Aryan.
=260  0\$c1979.
=300  \\$a193 leaves :$bill.$c29 cm.
=500  \\$aTypescript (Photocopy).
=500  \\$aThesis (M.Arch.)--Iowa State University of Science and Technology.
=504  \\$aIncludes bibliography.
=690  \\$aArchitecture
=999  \\$a55963
=902  \\$axyz

