=LDR  01026nam  22002775i 4500
=001  000055965
=003  BIBL
=005  20061130103400.0
=008  791218s1979\\\\xx\\\\\\\\\\\\00010\eng\d
=035  9\$a55965
=035  \\$a(OCoLC)05808152
=040  \\$aIWA$cIWA
=099  \\$aISU$a1979$aAs36
=100  10$aAshraf, Hae-Ran Lee,$d1947-
=245  10$aFlavor and composition of soymilk as influenced by ethanolic soaking, heating and pH control /$cby Hea-Ran Lee Ashraf.
=260  0\$c1979.
=300  \\$a86 leaves :$bill.$c29 cm.
=530  \\$aAlso available online.
=500  \\$aTypescript (Photocopy).
=500  \\$aThesis--Iowa State University of Science and Technology.
=504  \\$aIncludes bibliography.
=690  \\$aVeterinary physiology and pharmacology.
=690  \\$aFood technology.
=856  41$uhttp://proxy.lib.iastate.edu/login?url=http://gateway.proquest.com/openurl?url_ver=Z39.88-2004&rft_val_fmt=info:ofi/fmt:kev:mtx:dissertation&res_dat=xri:pqdiss&rft_dat=xri:pqdiss:8010214
=999  \\$a55965
=902  \\$axyz

