=LDR  01067cam  22002895i 4500
=001  000056188
=003  BIBL
=005  20061130105100.0
=008  791220s1979\\\\xx\\\\\\\\\\\\00010\eng\d
=035  9\$a56188
=035  \\$a(OCoLC)05815922
=040  \\$aIWA$cIWA
=099  \\$aISU$a1979$aK146
=100  20$aKarimi-Abadchi, Mohammad-Mehdi,$d1947-
=245  10$aSoil-moisture stress effects on reproductive and vegetative components of soybeans /$cby Mohammad-Mehdi Karimi-Abadchi.
=260  0\$c1979.
=300  \\$a241 leaves :$bill. ;$c29 cm.
=530  \\$aAlso available online.
=500  \\$aTypescript (Photocopy).
=500  \\$aThesis--Iowa State University of Science and Technology.
=504  \\$aIncludes bibliography.
=690  \\$aAgronomy
=690  \\$aCrop production and physiology.
=690  \0$aAgricultural climatology.
=856  41$uhttp://proxy.lib.iastate.edu/login?url=http://gateway.proquest.com/openurl?url_ver=Z39.88-2004&rft_val_fmt=info:ofi/fmt:kev:mtx:dissertation&res_dat=xri:pqdiss&rft_dat=xri:pqdiss:8010236
=999  \\$a56188
=902  \\$axyz

