=LDR  00730nam  22002415i 4500
=001  000056286
=003  BIBL
=005  19980819051700.0
=008  791221s1979\\\\xx\\\\\\\\\\\\00010\eng\d
=035  9\$a56286
=035  \\$a(OCoLC)05820529
=040  \\$aIWA$cIWA
=099  \\$aISU$a1979$aSi61
=100  00$aSinard, Craig Paul.
=245  10$aTelevision and video access /$cby Craig Paul Sinard.
=260  0\$c1979.
=300  \\$a114 leaves :$bill.$c29 cm. +$e1 videocassette (30 min. : sd., b&w ; 3/4 in.)
=500  \\$aTypescript (Photocopy).
=500  \\$aThesis (M.S.)--Iowa State University of Science and Technology.
=504  \\$aIncludes bibliography.
=690  \\$aJournalism and mass communication.
=999  \\$a56286
=902  \\$axyz

