=LDR  00658nam  22002415i 4500
=001  000056825
=003  BIBL
=005  19980819053700.0
=008  800108s1980\\\\xx\\\\\\\\\\\\00010\eng\d
=035  9\$a56825
=035  \\$a(OCoLC)05854413
=040  \\$aIWA$cIWA
=099  \\$aISU$a1980$aL776
=100  10$aLloyd, Ernest Lee.
=245  10$aCivil War Diary of Charles Mason /$cby Ernest Lee Lloyd.
=260  0\$c1980.
=300  \\$a131 leaves :$bill. ;$c29 cm.
=500  \\$aTypescript (Photocopy).
=500  \\$aThesis (M.A.)--Iowa State University of Science and Technology.
=504  \\$aIncludes bibliography.
=690  \\$aHistory
=999  \\$a56825
=902  \\$axyz

