=LDR  00707nam  22002535i 4500
=001  000056826
=003  BIBL
=005  19980819053700.0
=008  800108s1980\\\\xx\\\\\\\\\\\\00010\eng\d
=035  9\$a56826
=035  \\$a(OCoLC)05854424
=040  \\$aIWA$cIWA
=099  \\$aISU$a1980$aD449
=100  00$aDerynck, Neil Paul.
=245  10$aDistribution of Des Moines Series coals in Iowa /$cby Neil Paul Derynck.
=260  0\$c1980.
=300  \\$a125 leaves :$bill. ;$c29 cm.
=500  \\$aTypescript (Photocopy).
=500  \\$aThesis (M.S.)--Iowa State University of Science and Technology.
=504  \\$aIncludes bibliography.
=650  \0$aEarth sciences
=650  \0$aGeology.
=999  \\$a56826
=902  \\$axyz

