=LDR  00726nam  22002535i 4500
=001  000056827
=003  BIBL
=005  19980819053700.0
=008  800108s1980\\\\xx\\\\\\\\\\\\00010\eng\d
=035  9\$a56827
=035  \\$a(OCoLC)05854436
=040  \\$aIWA$cIWA
=049  \\$aIWAA$c1$aIWAF$c2
=099  \\$aISU$a1980$aC452
=100  10$aChoi, Young.
=245  14$aThe extraction, composition, and properties of oil from Candida curvata /$cby Young Choi.
=260  0\$c1980.
=300  \\$a63 leaves :$bill. ;$c29 cm.
=500  \\$aTypescript (Photocopy).
=500  \\$aThesis (M.S.)--Iowa State University of Science and Technology.
=504  \\$aIncludes bibliography.
=690  \\$aFood technology.
=999  \\$a56827
=902  \\$axyz

