=LDR  00728cam  22002415i 4500
=001  000056828
=003  BIBL
=005  19990409082000.0
=008  800108s1980\\\\xx\\\\\\\\\\\\00010\eng\d
=035  9\$a56828
=035  \\$a(OCoLC)05854442
=040  \\$aIWA$cIWA
=099  \\$aISU$a1980$aV949
=100  10$aVoy, Terry Lee.
=245  14$aThe effect of an inservice school bus driver training program on school bus accident involvement /$cby Terry Lee Voy.
=260  0\$c1980.
=300  \\$a77 leaves :$bill. ;$c29 cm.
=500  \\$aTypescript (Photocopy).
=500  \\$aThesis (M.S.)--Iowa State University of Science and Technology.
=504  \\$aIncludes bibliography.
=690  \4$aIndustrial education
=999  \\$a56828
=902  \\$axyz

