=LDR  00766nam  22002535i 4500
=001  000056829
=003  BIBL
=005  19980819053700.0
=008  800108s1980\\\\xx\\\\\\\\\\\\00010\eng\d
=035  9\$a56829
=035  \\$a(OCoLC)05854448
=040  \\$aIWA$cIWA
=099  \\$aISU$a1980$aG822
=100  10$aGreen, Howard Bernard.
=245  10$aVitamin D metabolite concentration in plasma of Jersey cow fed a prepartum low-calcium diet /$cby Howard Bernard Green.
=260  0\$c1980.
=300  \\$a108 leaves :$bill. ;$c29 cm.
=500  \\$aTypescript (Photocopy).
=500  \\$aThesis (M.S.)--Iowa State University of Science and Technology.
=504  \\$aIncludes bibliography.
=690  \\$aAnimal science.
=690  \\$aAnimal nutrition
=999  \\$a56829
=902  \\$axyz

