=LDR  00810nam  22002415i 4500
=001  000056830
=003  BIBL
=005  19980819053800.0
=008  800108s1980\\\\xx\\\\\\\\\\\\00010\eng\d
=035  9\$a56830
=035  \\$a(OCoLC)05854457
=040  \\$aIWA$cIWA
=099  \\$aISU$a1980$aSa99
=100  00$aSayers, James Richard.
=245  10$aDescriptive organizational analysis in the formation of a communication strategy for rural cooperative parish development : a journalistic case study /$cby James Richard Sayers.
=260  0\$c1980.
=300  \\$a209 leaves :$bill. ;$c29 cm.
=500  \\$aTypescript (Photocopy).
=500  \\$aThesis (M.S.)--Iowa State University of Science and Technology.
=504  \\$aIncludes bibliography.
=690  \\$aJournalism and mass communication.
=999  \\$a56830
=902  \\$axyz

