=LDR  00748nam  22002415i 4500
=001  000056831
=003  BIBL
=005  19980819053800.0
=008  800108s1980\\\\xx\\\\\\\\\\\\00010\eng\d
=035  9\$a56831
=035  \\$a(OCoLC)05854466
=040  \\$aIWA$cIWA
=099  \\$aISU$a1980$aOr8
=100  10$aOrtmeyer, Ann Smits.
=245  10$aWife's role in the decision to make recent loan arrangements for her family and factors influencing her role /$cby Ann Smits Ortmeyer.
=260  0\$c1980.
=300  \\$a76 leaves :$bill. ;$c29 cm.
=500  \\$aTypescript (Photocopy).
=500  \\$aThesis (M.S.)--Iowa State University of Science and Technology.
=504  \\$aIncludes bibliography.
=690  \\$aFamily environment.
=999  \\$a56831
=902  \\$axyz

