=LDR  00801nam  22002535i 4500
=001  000056920
=003  BIBL
=005  19980819054100.0
=008  800109s1980\\\\xx\\\\\\\\\\\\00010\eng\d
=035  9\$a56920
=035  \\$a(OCoLC)05859164
=040  \\$aIWA$cIWA
=049  \\$aIWAA$c1$aIWAF$c2
=099  \\$aISU$a1980$aB174
=100  00$aBaker, Kaylene Lillian Savage.
=245  12$aA content analysis of the educational news stories published in the 1976 Des Moines Register /$cby Kaylene Lillian Savage Baker.
=260  0\$c1980.
=300  \\$a59 leaves :$bill. ;$c29 cm.
=500  \\$aTypescript (Photocopy).
=500  \\$aThesis (M.S.)--Iowa State University of Science and Technology.
=504  \\$aIncludes bibliography.
=690  \\$aJournalism and mass communication.
=999  \\$a56920
=902  \\$axyz

