=LDR  00729nam  22002535i 4500
=001  000056921
=003  BIBL
=005  19980819054100.0
=008  800109s1980\\\\xx\\\\\\\\\\\\00010\eng\d
=035  9\$a56921
=035  \\$a(OCoLC)05859167
=040  \\$aIWA$cIWA
=099  \\$aISU$a1980$aL516
=100  10$aLee, Woan-Hwa Renee.
=245  10$aUse of splenomegaly to characterize the B complex in chickens /$cby Woan-Hwa Renee Lee.
=260  0\$c1980.
=300  \\$a67 leaves :$bill. ;$c29 cm.
=500  \\$aTypescript (Photocopy).
=500  \\$aThesis (M.S.)--Iowa State University of Science and Technology.
=504  \\$aIncludes bibliography.
=690  \\$aAnimal science.
=690  \\$aImmunobiology.
=999  \\$a56921
=902  \\$axyz

