=LDR  00703nam  22002415i 4500
=001  000056922
=003  BIBL
=005  19980819054100.0
=008  800109s1980\\\\xx\\\\\\\\\\\\00010\eng\d
=035  9\$a56922
=035  \\$a(OCoLC)05859171
=040  \\$aIWA$cIWA
=099  \\$aISU$a1980$aT641
=100  10$aTotta, Anna Rose.
=245  10$aParents' and day care teachers' perceptions of young children's skills /$cby Anna Rose Totta.
=260  0\$c1980.
=300  \\$a70 leaves :$bill. ;$c29 cm.
=500  \\$aTypescript (Photocopy).
=500  \\$aThesis (M.S.)--Iowa State University of Science and Technology.
=504  \\$aIncludes bibliography.
=690  \\$aChild development
=999  \\$a56922
=902  \\$axyz

