=LDR  00758nam  22002415i 4500
=001  000056923
=003  BIBL
=005  19980819054100.0
=008  800109s1980\\\\xx\\\\\\\\\\\\00010\eng\d
=035  9\$a56923
=035  \\$a(OCoLC)05859172
=040  \\$aIWA$cIWA
=099  \\$aISU$a1980$aL615
=100  00$aLiberty, Estelle Kuyon.
=245  10$aSome evidence of the efficacy of Milton Friedman's monetary policy proposal as applied to fifteen developed market economies /$cEstelle Kuyon Liberty.
=260  0\$c1980.
=300  \\$a31 leaves :$bill. ;$c29 cm.
=500  \\$aTypescript (Photocopy).
=500  \\$aThesis (M.S.)--Iowa State University of Science and Technology.
=504  \\$aIncludes bibliography.
=690  \\$aEconomics
=999  \\$a56923
=902  \\$axyz

