=LDR  00746nam  22002535i 4500
=001  000057428
=003  BIBL
=005  19980819060000.0
=008  800116s1980\\\\xx\\\\\\\\\\\\00010\eng\d
=035  9\$a57428
=035  \\$a(OCoLC)05878974
=040  \\$aIWA$cIWA
=049  \\$aIWAA$c1$aIWAF$c2
=099  \\$aISU$a1980$aAr31
=100  20$aArechavaleta-Medina, Fernando.
=245  12$aA study of water imbibition by normal and hard soybeans /$cby Fernando Arechavaleta-Medina.
=260  0\$c1980.
=300  \\$a73 leaves :$bill. ;$c29 cm.
=500  \\$aTypescript (Photocopy).
=500  \\$aThesis (M.S.)--Iowa State University of Science and Technology.
=504  \\$aIncludes bibliography.
=690  \\$aFood technology.
=999  \\$a57428
=902  \\$axyz

