=LDR  00878nam  22002895i 4500
=001  000057429
=003  BIBL
=005  19980819060000.0
=008  800116s1980\\\\xx\\\\\\\\\\\\00010\eng\d
=035  9\$a57429
=035  \\$a(OCoLC)05878976
=040  \\$aIWA$cIWA
=099  \\$aISU$a1980$aR812
=100  00$aRoyalty, Daniel Reed.
=245  10$aAsymptotic laws of split-second hesitation in noisy duels /$cby Daniel Reed Royalty.
=260  0\$c1980.
=300  \\$a94 leaves :$bill. ;$c29 cm.
=500  \\$aTypescript (Photocopy).
=500  \\$aThesis (M.S.)--Iowa State University of Science and Technology.
=504  \\$aIncludes bibliography.
=690  \\$aStatistics
=690  \\$aIndustrial engineering
=690  \\$aStatistics (Operations research).
=690  \\$aIndustrial engineering (Operations research).
=690  \\$aOperations research
=999  \\$a57429
=902  \\$axyz

