=LDR  00752nam  22002415i 4500
=001  000057430
=003  BIBL
=005  19980819060000.0
=008  800116s1980\\\\xx\\\\\\\\\\\\00010\eng\d
=035  9\$a57430
=035  \\$a(OCoLC)05878977
=040  \\$aIWA$cIWA
=099  \\$aISU$a1980$aP212
=100  10$aParaskevopoulos, George.
=245  10$aSolutions to existing air influx at the main entrance of the university of Iowa hospitals and clinics /$cby George Paraskevopoulos.
=260  0\$c1980.
=300  \\$a63 leaves :$bill. ;$c29 cm.
=500  \\$aTypescript (Photocopy).
=500  \\$aThesis (M.S.)--Iowa State University of Science and Technology.
=504  \\$aIncludes bibliography.
=690  \\$aAerospace engineering
=999  \\$a57430
=902  \\$axyz

