=LDR  00821nam  22002535i 4500
=001  000057431
=003  BIBL
=005  19980819060000.0
=008  800116s1980\\\\xx\\\\\\\\\\\\00010\eng\d
=035  9\$a57431
=035  \\$a(OCoLC)05878981
=040  \\$aIWA$cIWA
=099  \\$aISU$a1980$aZ84
=100  10$aZugzda, Mary Michele.
=245  10$aPopulation development of Pratylenchus hexincisus and Helicotylenchus pseudorobustus following simultaneous inoculation on corn /$cby Mary Michele Zugzda.
=260  0\$c1980.
=300  \\$a43 leaves :$bill. ;$c29 cm.
=500  \\$aTypescript (Photocopy).
=500  \\$aThesis (M.S.)--Iowa State University of Science and Technology.
=504  \\$aIncludes bibliography.
=650  \0$aPlant diseases
=690  \\$aPlant pathology, seed and weed sciences.
=999  \\$a57431
=902  \\$axyz

