=LDR  00753nam  22002655i 4500
=001  000057432
=003  BIBL
=005  19980819060000.0
=008  800116s1980\\\\xx\\\\\\\\\\\\00010\eng\d
=035  9\$a57432
=035  \\$a(OCoLC)05878983
=040  \\$aIWA$cIWA
=099  \\$aISU$a1980$aR449
=100  10$aRiggs, Michael Robert.
=245  10$aHelminth parasites of leeches of the genus Haemopis /$cby Michael Robert Riggs.
=260  0\$c1980.
=300  \\$a85 leaves :$bill. ;$c29 cm.
=500  \\$aTypescript (Photocopy).
=500  \\$aThesis (M.S.)--Iowa State University of Science and Technology.
=504  \\$aIncludes bibliography.
=690  \\$aZoology
=690  \\$aZoology (Parasitology).
=690  \\$aParasitology
=999  \\$a57432
=902  \\$axyz

