=LDR  00751nam  22002535i 4500
=001  000057433
=003  BIBL
=005  19980819060000.0
=008  800116s1980\\\\xx\\\\\\\\\\\\00010\eng\d
=035  9\$a57433
=035  \\$a(OCoLC)05878986
=040  \\$aIWA$cIWA
=049  \\$aIWAA$c1$aIWAF$c2
=099  \\$aISU$a1980$aC349
=100  00$aChakravorty, Ranendra Kumar.
=245  10$aAnalysis of capacity requirement in cellular manufacturing /$cby Ranendra Kumar Chakravorty.
=260  0\$c1980.
=300  \\$a55 leaves :$bill. ;$c29 cm.
=500  \\$aTypescript (Photocopy).
=500  \\$aThesis (M.S.)--Iowa State University of Science and Technology.
=504  \\$aIncludes bibliography.
=690  \\$aIndustrial engineering
=999  \\$a57433
=902  \\$axyz

