=LDR  00789nam  22002535i 4500
=001  000057717
=003  BIBL
=005  19980819061100.0
=008  800122s1980\\\\xx\\\\\\\\\\\\00010\eng\d
=035  9\$a57717
=035  \\$a(OCoLC)05899810
=040  \\$aIWA$cIWA
=099  \\$aISU$a1980$aG465
=100  10$aGlassman, Rose Miriam.
=245  10$aPossible depression of canine papillary muscle contractility with plasma from aged dogs /$cby Rose Miriam Glassman.
=260  0\$c1980.
=300  \\$a258 leaves :$bill.$c29 cm.
=500  \\$aTypescript (Photocopy).
=500  \\$aThesis (M.S.)--Iowa State University of Science and Technology.
=504  \\$aIncludes bibliography.
=690  \\$aVeterinary physiology and pharmacology.
=690  \\$aVeterinary physiology
=999  \\$a57717
=902  \\$axyz

