=LDR  00698nam  22002415i 4500
=001  000057718
=003  BIBL
=005  19980819061100.0
=008  800122s1980\\\\xx\\\\\\\\\\\\00010\eng\d
=035  9\$a57718
=035  \\$a(OCoLC)05899825
=040  \\$aIWA$cIWA
=099  \\$aISU$a1980$aP341
=100  10$aPedersen, Thomas Eugene.
=245  14$aThe yttrium-rich side of the yttrium-niobium-titanium system /$cby Thomas Eugene Pedersen.
=260  0\$c1980.
=300  \\$a53 leaves :$bill.$c29 cm.
=500  \\$aTypescript (Photocopy).
=500  \\$aThesis (M.S.)--Iowa State University of Science and Technology.
=504  \\$aIncludes bibliography.
=690  \\$aMetallurgy
=999  \\$a57718
=902  \\$axyz

