=LDR  00709nam  22002535i 4500
=001  000057719
=003  BIBL
=005  19980819061100.0
=008  800122s1980\\\\xx\\\\\\\\\\\\00010\eng\d
=035  9\$a57719
=035  \\$a(OCoLC)05899839
=040  \\$aIWA$cIWA
=049  \\$aIWAA$c1$aIWAF$c2
=099  \\$aISU$a1980$aB454
=100  10$aBergman, Marlin Kent.
=245  10$aOptimizing sampling for corn rootworm larvae /$cby Marlin Kent Bergman.
=260  0\$c1980.
=300  \\$a80 leaves :$bill.$c29 cm.
=500  \\$aTypescript (Photocopy).
=500  \\$aThesis (M.S.)--Iowa State University of Science and Technology.
=504  \\$aIncludes bibliography.
=690  \\$aEntomology
=999  \\$a57719
=902  \\$axyz

