=LDR  00986nam  2200289   4500
=001  000058814
=003  BIBL
=005  20070201102800.0
=008  750606s1935\\\\inu\\\\\\\\\\\00010\eng\\
=010  \\$a35038307
=035  9\$a58814
=035  \\$a(OCoLC)01377946
=040  \\$cUCW$dIWA
=090  \\$aQ1$bIn25i, no.2
=100  10$aBreneman, W. R.$q(William Raymond),$d1907-
=245  10$aSome effects on the chick embryo of the injection of certain endocrine extracts,$cby William R. Breneman.
=260  0\$aBloomington, Ind.,$bIndiana University$c[1935]
=300  \\$a26 p.$b1 illus., pl.$c26 cm.
=440  \0$aIndiana University publications.$pScience series$vno. 2
=500  \\$a"Contribution no. 238 from the Zoölogical Laboratory, Indiana University."
=500  \\$aThesis note on p. 5.
=502  \\$aThesis--Indiana University, 1934.
=504  \\$aBibliography: p. 25-26.
=650  \0$aEndocrinology
=650  \0$aBirds$xEmbryology.
=740  00$aEndocrine extracts.
=999  \\$a58814

