=LDR  00693nam  22002415i 4500
=001  000059019
=003  BIBL
=005  19980819070100.0
=008  800212s1980\\\\xx\\\\\\\\\\\\00010\eng\d
=035  9\$a59019
=035  \\$a(OCoLC)05974977
=040  \\$aIWA$cIWA
=099  \\$aISU$a1980$aSu71
=100  00$aSun, Yu.
=245  10$aRate of oxydesulfurization of coal-derived pyrite in hot alkaline solution /$cby Yu Sun.
=260  0\$c1980.
=300  \\$a122 leaves :$bill. ;$c29 cm.
=500  \\$aTypescript (Photocopy).
=500  \\$aThesis (M.S.)--Iowa State University of Science and Technology.
=504  \\$aIncludes bibliography.
=650  \0$aChemical engineering
=999  \\$a59019
=902  \\$axyz

