=LDR  00753cam  22002535i 4500
=001  000059020
=003  BIBL
=005  19990413083500.0
=008  800212s1980\\\\xx\\\\\\\\\\\\00010\eng\d
=035  9\$a59020
=035  \\$a(OCoLC)05974988
=040  \\$aIWA$cIWA
=099  \\$aISU$a1980$aG952
=100  10$aGulliford, Nancy Anne.
=245  10$aInterior design related to furniture considerations in energy efficient housing /$cby Nancy Anne Gulliford.
=260  0\$c1980.
=300  \\$a106 leaves :$bill. ;$c29 cm.
=500  \\$aTypescript (Photocopy).
=500  \\$aThesis (M.A.)--Iowa State University of Science and Technology.
=504  \\$aIncludes bibliography.
=690  \\$aArt and design.
=690  \4$aInterior design
=999  \\$a59020
=902  \\$axyz

