=LDR  00746nam  22002535i 4500
=001  000059031
=003  BIBL
=005  19980819070100.0
=008  800212s1980\\\\xx\\\\\\\\\\\\00010\eng\d
=035  9\$a59031
=035  \\$a(OCoLC)05975542
=040  \\$aIWA$cIWA
=099  \\$aISU$a1980$aT756
=100  10$aTrotter, Michael F
=245  10$aCharacterization and treatability of anaerobically digested swine waste /$cby Michael F. Trotter.
=260  0\$c1980.
=300  \\$a172 leaves :$bill. ;$c29 cm.
=500  \\$aTypescript (Photocopy).
=500  \\$aThesis (M.S.)--Iowa State University of Science and Technology.
=504  \\$aIncludes bibliography.
=650  \0$aCivil engineering
=690  \\$aSanitary engineering
=999  \\$a59031
=902  \\$axyz

