=LDR  00743nam  22002535i 4500
=001  000059032
=003  BIBL
=005  19980819070100.0
=008  800212s1980\\\\xx\\\\\\\\\\\\00010\eng\d
=035  9\$a59032
=035  \\$a(OCoLC)05975544
=040  \\$aIWA$cIWA
=049  \\$aIWAA$c1$aIWAF$c2$aIWAE$c3
=099  \\$aISU$a1980$aC152
=100  00$aCampbell, Gary Allen.
=245  14$aThe effect of EPA regulations on domestic lead and zinc ore supplies /$cby Gary Allen Campbell.
=260  0\$c1980.
=300  \\$a71 leaves :$bill. ;$c29 cm.
=500  \\$aTypescript (Photocopy).
=500  \\$aThesis (M.S.)--Iowa State University of Science and Technology.
=504  \\$aIncludes bibliography.
=690  \\$aEconomics
=999  \\$a59032
=902  \\$axyz

