=LDR  00849nam  22002655i 4500
=001  000059523
=003  BIBL
=005  19980819072000.0
=008  800220s1980\\\\xx\\\\\\\\\\\\00010\eng\d
=035  9\$a59523
=035  \\$a(OCoLC)06001814
=040  \\$aIWA$cIWA
=049  \\$aIWAA$c1$aIWAF$c2
=099  \\$aISU$a1980$aB353
=100  00$aBeach, Pamela Vande Kamp.
=245  10$aObjective and sensory characteristics of a calorically reduced white layer cake produced with substitution of microcrystalline cellulose /$cby Pamela Vande Kamp Beach.
=260  0\$c1980.
=300  \\$a48 leaves :$bill. ;$c29 cm.
=500  \\$aTypescript (Photocopy).
=500  \\$aThesis (M.S.)--Iowa State University of Science and Technology.
=504  \\$aIncludes bibliography.
=690  \\$aFood and nutrition.
=690  \\$aFood science
=999  \\$a59523
=902  \\$axyz

