=LDR  00680nam  22002295i 4500
=001  000059524
=003  BIBL
=005  19980819072100.0
=008  800220s1980\\\\xx\\\\\\\\\\\\00010\eng\d
=035  9\$a59524
=035  \\$a(OCoLC)06001831
=040  \\$aIWA$cIWA
=099  \\$aISU$a1980$aV614
=100  10$aVerser, John James.
=245  10$aCompetitive behavior among males : some negative aspects /$cby John James Verser, III.
=260  0\$c1980.
=300  \\$a94 leaves :$bill. ;$c29 cm.
=500  \\$aTypescript (Photocopy).
=500  \\$aThesis (M.S.)--Iowa State University of Science and Technology.
=504  \\$aIncludes bibliography.
=690  \\$aFamily environment.
=999  \\$a59524

