=LDR  00674nam  22002415i 4500
=001  000059525
=003  BIBL
=005  19980819072100.0
=008  800220s1980\\\\xx\\\\\\\\\\\\00010\eng\d
=035  9\$a59525
=035  \\$a(OCoLC)06001836
=040  \\$aIWA$cIWA
=099  \\$aISU$a1980$aH86
=100  10$aHuang, Victoria.
=245  10$aCooperation and competition in a puzzle task /$cby Victoria Huang.
=260  0\$c1980.
=300  \\$a51 leaves :$bill. ;$c29 cm.
=500  \\$aTypescript (Photocopy).
=500  \\$aThesis (M.S.)--Iowa State University of Science and Technology.
=504  \\$aIncludes bibliography.
=690  \\$aChild development
=999  \\$a59525
=902  \\$axyz

