=LDR  00698nam  22002415i 4500
=001  000059526
=003  BIBL
=005  19980819072100.0
=008  800220s1980\\\\xx\\\\\\\\\\\\00010\eng\d
=035  9\$a59526
=035  \\$a(OCoLC)06001840
=040  \\$aIWA$cIWA
=099  \\$aISU$a1980$aV296
=100  1\$aVan Gerpen, Jon Harlan.
=245  14$aThe design and analysis of slab heating systems /$cby Jon Harlan Van Gerpen.
=260  0\$c1980.
=300  \\$a114 leaves :$bill. ;$c29 cm.
=500  \\$aTypescript (Photocopy).
=500  \\$aThesis (M.S.)--Iowa State University of Science and Technology.
=504  \\$aIncludes bibliography.
=690  \\$aMechanical engineering
=999  \\$a59526
=902  \\$axyz

