=LDR  00725nam  22002415i 4500
=001  000059527
=003  BIBL
=005  20041006162300.0
=008  800220s1980\\\\xx\\\\\\\\\\\\00010\eng\d
=035  9\$a59527
=035  \\$a(OCoLC)06001847
=040  \\$aIWA$cIWA
=099  \\$aISU$a1980$aT837
=100  10$aTuo, Chung-hwa.
=245  14$aThe impact of industrialization on land use in Taiwan, the Republic of China /$cby Chung-hwa Tuo.
=260  0\$c1980.
=300  \\$a192 leaves :$bill. ;$c29 cm.
=500  \\$aTypescript (Photocopy).
=500  \\$aThesis (M.C.R.P.)--Iowa State University of Science and Technology.
=504  \\$aIncludes bibliography.
=690  \\$aCommunity and regional planning.
=999  \\$a59527
=902  \\$axyz

