=LDR  00760nam  22002535i 4500
=001  000059529
=003  BIBL
=005  19980819072100.0
=008  800220s1980\\\\xx\\\\\\\\\\\\00010\eng\d
=035  9\$a59529
=035  \\$a(OCoLC)06001887
=040  \\$aIWA$cIWA
=099  \\$aISU$a1980$aF628
=100  10$aFeist, Michael James.
=245  10$aPressuremeter vs. laboratory testing for deep foundation settlement analysis /$cby Michael James Feist.
=260  0\$c1980.
=300  \\$a252 leaves :$bill. ;$c29 cm.
=500  \\$aTypescript (Photocopy).
=500  \\$aThesis (M.S.)--Iowa State University of Science and Technology.
=504  \\$aIncludes bibliography.
=650  \0$aCivil engineering
=690  \\$aGeotechnical engineering.
=999  \\$a59529
=902  \\$axyz

