=LDR  00790nam  22002535i 4500
=001  000059530
=003  BIBL
=005  19980819072100.0
=008  800220s1980\\\\xx\\\\\\\\\\\\00010\eng\d
=035  9\$a59530
=035  \\$a(OCoLC)06001892
=040  \\$aIWA$cIWA
=049  \\$aIWAA$c1$aIWAF$c2
=099  \\$aISU$a1980$aB179
=100  10$aBakken, Roderick J
=245  10$aChildren's sex-role classification of school objects, attitudes toward reading and school in relation to sex of teacher /$cby Roderick J. Bakken.
=260  0\$c1980.
=300  \\$a101 leaves :$bill. ;$c29 cm.
=500  \\$aTypescript (Photocopy).
=500  \\$aThesis (M.S.)--Iowa State University of Science and Technology.
=504  \\$aIncludes bibliography.
=690  \\$aChild development
=999  \\$a59530
=902  \\$axyz

