=LDR  00790cam  22002655i 4500
=001  000059545
=003  BIBL
=005  19990315135400.0
=008  800220s1980\\\\xx\\\\\\\\\\\\00010\eng\u
=035  9\$a59545
=035  \\$a(OCoLC)06002213
=040  \\$aIWA$cIWA
=099  \\$aISU$a1980$aW846
=100  00$aWong, Albert Kam-Ming.
=245  10$aPhase transition in niobium monosulphide /$cby Albert Kam-Ming Wong.
=260  0\$c1980.
=300  \\$a52 leaves :$bill. ;$c29 cm.
=500  \\$aThesis (M.S.)--Iowa State University of Science and Technology.
=500  \\$aTypescript (Photocopy).
=502  \\$aThesis (M.S.)--Iowa State University of Science and Technology.
=504  \\$aIncludes bibliography.
=690  \\$aChemistry
=690  \4$aPhysical chemistry
=999  \\$a59545
=902  \\$axyz

