=LDR  00734nam  22002415i 4500
=001  000059552
=003  BIBL
=005  19980819072200.0
=008  800220s1979\\\\xx\\\\\\\\\\\\00010\eng\d
=035  9\$a59552
=035  \\$a(OCoLC)06002453
=040  \\$aIWA$cIWA
=099  \\$aISU$a1979$aM293
=100  00$aMaldonado, Eduardo Alberto Baptista.
=245  10$aApplication of heat pipes in passive solar energy systems /$cby Eduardo Alberto Baptista Maldonado.
=260  0\$c1979.
=300  \\$a104 leaves :$bill. ;$c29 cm.
=500  \\$aTypescript (Photocopy).
=500  \\$aThesis (M.S.)--Iowa State University of Science and Technology.
=504  \\$aIncludes bibliography.
=690  \\$aMechanical engineering
=999  \\$a59552
=902  \\$axyz

