=LDR  00819cam  22002655i 4500
=001  000059554
=003  BIBL
=005  19990315135400.0
=008  800220s1980\\\\xx\\\\\\\\\\\\00010\eng\d
=035  9\$a59554
=035  \\$a(OCoLC)06002462
=040  \\$aIWA$cIWA
=099  \\$aISU$a1980$aP956
=100  00$aPrybyla, Stanley Gerard.
=245  14$aThe design and construction of a high-power picosecond dye laser /$cby Stanley Gerard Prybyla.
=260  0\$c1980.
=300  \\$a153 leaves :$bill. ;$c29 cm.
=500  \\$aThesis (M.S.)--Iowa State University of Science and Technology.
=500  \\$aTypescript (Photocopy).
=502  \\$aThesis (M.S.)--Iowa State University of Science and Technology.
=504  \\$aIncludes bibliography.
=690  \\$aChemistry
=690  \4$aPhysical chemistry
=999  \\$a59554
=902  \\$axyz

