=LDR  00789nam  22002535i 4500
=001  000059555
=003  BIBL
=005  19980819072200.0
=008  800220s1980\\\\xx\\\\\\\\\\\\00010\eng\d
=035  9\$a59555
=035  \\$a(OCoLC)06002480
=040  \\$aIWA$cIWA
=099  \\$aISU$a1980$aT716
=100  00$aTreffeisen, P. Alan.
=245  12$aA cross-country comparison of land-fertilizer substitution rates and implications for world food production /$cby Philip Alan Treffeisen.
=260  0\$c1980.
=300  \\$a161 leaves :$bill. ;$c29 cm.
=500  \\$aTypescript (Photocopy).
=500  \\$aThesis (M.S.)--Iowa State University of Science and Technology.
=504  \\$aIncludes bibliography.
=650  \0$aAgriculture$xEconomic aspects
=690  \\$aEconomics
=999  \\$a59555
=902  \\$axyz

