=LDR  00765nam  22002535i 4500
=001  000059562
=003  BIBL
=005  19980819072200.0
=008  800220s1980\\\\xx\\\\\\\\\\\\00010\eng\d
=035  9\$a59562
=035  \\$a(OCoLC)06002927
=040  \\$aIWA$cIWA
=099  \\$aISU$a1980$aH117
=100  10$aHadden, Thomas B.
=245  10$aEvaluating the significance of microorganisms in owner-controlled water treatment systems /$cby Thomas B. Hadden III.
=260  0\$c1980.
=300  \\$a102 leaves :$bill. ;$c29 cm.
=500  \\$aTypescript (Photocopy).
=500  \\$aThesis (M.S.)--Iowa State University of Science and Technology.
=504  \\$aIncludes bibliography.
=650  \0$aCivil engineering
=690  \\$aSanitary engineering
=999  \\$a59562
=902  \\$axyz

