=LDR  00872nam  22002655i 4500
=001  000059564
=003  BIBL
=005  19980819072200.0
=008  800220s1980\\\\xx\\\\\\\\\\\\00010\eng\d
=035  9\$a59564
=035  \\$a(OCoLC)06003001
=040  \\$aIWA$cIWA
=099  \\$aISU$a1980$aW699
=100  00$aWilson, William David.
=245  10$aEffect of dexamethasone and equine rhinopneumonitis virus on adrenocortical and immunological responses of foals /$cby William David Wilson.
=260  0\$c1980.
=300  \\$a192 leaves :$bill. ;$c29 cm.
=500  \\$aTypescript (Photocopy).
=500  \\$aThesis (M.S.)--Iowa State University of Science and Technology.
=504  \\$aIncludes bibliography.
=690  \\$aVeterinary clinical sciences.
=690  \\$aVeterinary clinical science (Veterinary medicine).
=690  \\$aVeterinary medicine.
=999  \\$a59564
=902  \\$axyz

