=LDR  00722nam  22002415i 4500
=001  000059850
=003  BIBL
=005  19980819073300.0
=008  800226s1980\\\\xx\\\\\\\\\\\\00010\eng\d
=035  9\$a59850
=035  \\$a(OCoLC)06020627
=040  \\$aIWA$cIWA
=099  \\$aISU$a1980$aF679
=100  10$aFlynn, Diane Kathleen.
=245  10$aSex-role perceptions of single-parent mothers and mothers in intact families /$cby Diane Kathleen Flynn.
=260  0\$c1980.
=300  \\$a101 leaves :$bill. ;$c29 cm.
=500  \\$aTypescript (Photocopy).
=500  \\$aThesis (M.S.)--Iowa State University of Science and Technology.
=504  \\$aIncludes bibliography.
=690  \\$aFamily environment.
=999  \\$a59850
=902  \\$axyz

