=LDR  00784nam  22002535i 4500
=001  000059851
=003  BIBL
=005  20060118111200.0
=008  800226s1980\\\\xx\\\\\\\\\\\\00010\eng\d
=035  9\$a59851
=035  \\$a(OCoLC)06020633
=040  \\$aIWA$cIWA
=099  \\$aISU$a1980$aD566
=100  1\$aDiesburg, Kenneth.
=245  10$aRhizomatous spreading ability and seed set in wide crosses of tall fescue (Festuca arundinacea Schreb.) /$cby Kenneth Lynn Diesburg.
=260  0\$c1980.
=300  \\$a117 leaves :$bill. ;$c29 cm.
=500  \\$aTypescript (Photocopy).
=500  \\$aThesis (M.S.)--Iowa State University of Science and Technology.
=504  \\$aIncludes bibliography.
=690  \\$aAgronomy
=690  \\$aPlant breeding and cytogenetics.
=999  \\$a59851
=902  \\$axyz

