=LDR  00738nam  22002535i 4500
=001  000059852
=003  BIBL
=005  19980819073300.0
=008  800226s1980\\\\xx\\\\\\\\\\\\00010\eng\d
=035  9\$a59852
=035  \\$a(OCoLC)06020640
=040  \\$aIWA$cIWA
=099  \\$aISU$a1980$aT416
=100  00$aThro, Ann Marie.
=245  10$aPhenotypic plasticity of wild (Avena sterilis L.) and cultivated (A. sativa L.) oats /$cby Ann Marie Thro.
=260  0\$c1980.
=300  \\$a97 leaves :$bill. ;$c29 cm.
=500  \\$aTypescript (Photocopy).
=500  \\$aThesis (M.S.)--Iowa State University of Science and Technology.
=504  \\$aIncludes bibliography.
=630  \0$aAgronomy.
=650  \0$aPlant breeding
=999  \\$a59852
=902  \\$axyz

