=LDR  00770nam  22002535i 4500
=001  000059853
=003  BIBL
=005  19980819073300.0
=008  800226s1980\\\\xx\\\\\\\\\\\\00010\eng\d
=035  9\$a59853
=035  \\$a(OCoLC)06020647
=040  \\$aIWA$cIWA
=099  \\$aISU$a1980$aL73
=100  00$aLittlefield, Rodney Ray.
=245  10$aAlternatives which maximize the use of pasture and forage in beef production systems /$cby Rodney Ray Littlefield.
=260  0\$c1980.
=300  \\$a60 leaves :$bill. ;$c29 cm.
=500  \\$aTypescript (Photocopy).
=500  \\$aThesis (M.S.)--Iowa State University of Science and Technology.
=504  \\$aIncludes bibliography.
=630  \0$aAgronomy.
=690  \\$aCrop production and physiology.
=999  \\$a59853
=902  \\$axyz

