=LDR  00713nam  22002415i 4500
=001  000059854
=003  BIBL
=005  19980819073300.0
=008  800226s1980\\\\xx\\\\\\\\\\\\00010\eng\d
=035  9\$a59854
=035  \\$a(OCoLC)06020650
=040  \\$aIWA$cIWA
=099  \\$aISU$a1980$aP277
=100  10$aPatten, Kim David.
=245  14$aThe effect of trickle irrigation as a method of nitrogen application on apple trees /$cby Kim David Patten.
=260  0\$c1980.
=300  \\$a46 leaves :$bill. ;$c29 cm.
=500  \\$aTypescript (Photocopy).
=500  \\$aThesis (M.S.)--Iowa State University of Science and Technology.
=504  \\$aIncludes bibliography.
=690  \\$aHorticulture
=999  \\$a59854
=902  \\$axyz

