=LDR  00773nam  22002535i 4500
=001  000059855
=003  BIBL
=005  19980819073300.0
=008  800226s1980\\\\xx\\\\\\\\\\\\00010\eng\d
=035  9\$a59855
=035  \\$a(OCoLC)06020657
=040  \\$aIWA$cIWA
=049  \\$aIWAA$c1$aIWAF$c2
=099  \\$aISU$a1980$aC363
=100  10$aChang, Nan-chi Albert.
=245  10$aCellular and biochemical changes in the peritoneal cavity of mice infected with Trichinela spiralis /$cby Nan-chi Albert Chang.
=260  0\$c1980.
=300  \\$a104 leaves :$bill. ;$c29 cm.
=500  \\$aTypescript (Photocopy).
=500  \\$aThesis (M.S.)--Iowa State University of Science and Technology.
=504  \\$aIncludes bibliography.
=690  \\$aImmunobiology.
=999  \\$a59855
=902  \\$axyz

