=LDR  00805nam  22002535i 4500
=001  000059856
=003  BIBL
=005  19980819073300.0
=008  800226s1980\\\\xx\\\\\\\\\\\\00010\eng\d
=035  9\$a59856
=035  \\$a(OCoLC)06020665
=040  \\$aIWA$cIWA
=049  \\$aIWAA$c1$aIWAF$c2
=099  \\$aISU$a1980$aAn96
=100  00$aAnyanwu, Alphonsus Chijioke.
=245  10$aChange agent perceptions and client attributes as predictors of soil conservation practice adoption /$cby Alphonsus Chijioke Anyanwu.
=260  0\$c1980.
=300  \\$a105 leaves :$bill. ;$c29 cm.
=500  \\$aTypescript (Photocopy).
=500  \\$aThesis (M.S.)--Iowa State University of Science and Technology.
=504  \\$aIncludes bibliography.
=690  \\$aJournalism and mass communication.
=999  \\$a59856
=902  \\$axyz

