=LDR  00711nam  22002415i 4500
=001  000059857
=003  BIBL
=005  19980819073300.0
=008  800226s1980\\\\xx\\\\\\\\\\\\00010\eng\d
=035  9\$a59857
=035  \\$a(OCoLC)06020669
=040  \\$aIWA$cIWA
=099  \\$aISU$a1980$aOg9
=100  00$aOguoma, Onyewuchi Nduwuishi.
=245  10$aAnalysis of the contact area of toroidal air springs /$cby Onyewuchi Nduwuishi Oguoma.
=260  0\$c1980.
=300  \\$a59 leaves :$bill. ;$c29 cm.
=500  \\$aTypescript (Photocopy).
=500  \\$aThesis (M.S.)--Iowa State University of Science and Technology.
=504  \\$aIncludes bibliography.
=690  \\$aMechanical engineering
=999  \\$a59857
=902  \\$axyz

