=LDR  00735cam  22002535i 4500
=001  000059858
=003  BIBL
=005  19981208183300.0
=008  800226s1980\\\\xx\\\\\\\\\\\\00010\eng\d
=035  9\$a59858
=035  \\$a(OCoLC)06020676
=040  \\$aIWA$cIWA
=099  \\$aISU$a1980$aJ359
=100  10$aJefferson, Robert Thomas.
=245  10$aSize and spacing of sedentary guanaco family groups /$cby Robert Thomas Jefferson, Jr.
=260  0\$c1980.
=300  \\$a32 leaves :$bill. ;$c29 cm.
=500  \\$aTypescript (Photocopy).
=500  \\$aThesis (M.S.)--Iowa State University of Science and Technology.
=504  \\$aIncludes bibliography.
=690  \\$aAnimal ecology
=690  \\$aWildlife biology.
=999  \\$a59858
=902  \\$axyz

