=LDR  00755nam  22002535i 4500
=001  000059859
=003  BIBL
=005  19980819073300.0
=008  800226s1980\\\\xx\\\\\\\\\\\\00010\eng\d
=035  9\$a59859
=035  \\$a(OCoLC)06020681
=040  \\$aIWA$cIWA
=099  \\$aISU$a1980$aN373
=100  10$aNess, Richard Loren.
=245  10$aEffects of environmental temperature on feed consumption of yearling feedlot cattle /$cby Richard Loren Ness.
=260  0\$c1980.
=300  \\$a98 leaves :$bill. ;$c29 cm.
=500  \\$aTypescript (Photocopy).
=500  \\$aThesis (M.S.)--Iowa State University of Science and Technology.
=504  \\$aIncludes bibliography.
=690  \\$aAnimal science.
=690  \\$aAnimal production.
=999  \\$a59859
=902  \\$axyz

