=LDR  00715nam  22002535i 4500
=001  000059860
=003  BIBL
=005  19980819073400.0
=008  800226s1980\\\\xx\\\\\\\\\\\\00010\eng\d
=035  9\$a59860
=035  \\$a(OCoLC)06020689
=040  \\$aIWA$cIWA
=099  \\$aISU$a1980$aF217
=100  10$aFanous, Fouad.
=245  10$aPressures in bins with granular material /$cby Fouad Shanouda Fanous.
=260  0\$c1980.
=300  \\$a82 leaves :$bill. ;$c29 cm.
=500  \\$aTypescript (Photocopy).
=500  \\$aThesis (M.S.)--Iowa State University of Science and Technology.
=504  \\$aIncludes bibliography.
=650  \0$aCivil engineering
=690  \\$aStructural engineering
=999  \\$a59860
=902  \\$axyz

