=LDR  00898nam  22002655i 4500
=001  000059861
=003  BIBL
=005  19980819073400.0
=008  800226s1980\\\\xx\\\\\\\\\\\\00010\eng\d
=035  9\$a59861
=035  \\$a(OCoLC)06020703
=040  \\$aIWA$cIWA
=099  \\$aISU$a1980$aP871
=100  10$aPowell, Donald Charles.
=245  10$aKnowledge and attitudes of media by seniors, faculty, and graduates from the College of Engineering at Iowa State University/$cby Donald Charles Powell.
=260  0\$c1980.
=300  \\$a108 leaves :$bill. ;$c29 cm.
=500  \\$aTypescript (Photocopy).
=500  \\$aThesis (M.S.)--Iowa State University of Science and Technology.
=504  \\$aIncludes bibliography.
=690  \\$aProfessional studies in education.
=690  \\$aEducation (Curriculum and instructive media).
=690  \\$aCurriculum and instructive media.
=999  \\$a59861
=902  \\$axyz

