=LDR  00897nam  22002655i 4500
=001  000059862
=003  BIBL
=005  19980819073400.0
=008  800226s1980\\\\xx\\\\\\\\\\\\00010\eng\d
=035  9\$a59862
=035  \\$a(OCoLC)06020708
=040  \\$aIWA$cIWA
=099  \\$aISU$a1980$aM137
=100  10$aMcCormick, Martha Tushaus.
=245  10$aExperience and training as related to needs, knowledge, abilities, and satisfaction of Youth Development Committee members /$cby Martha Tushaus McCormick.
=260  0\$c1980.
=300  \\$a111 leaves :$bill. ;$c29 cm.
=500  \\$aTypescript (Photocopy).
=500  \\$aThesis (M.S.)--Iowa State University of Science and Technology.
=504  \\$aIncludes bibliography.
=690  \\$aProfessional studies in education.
=690  \\$aEducation (Adult and extension education).
=690  \\$aAdult and extension education.
=999  \\$a59862
=902  \\$axyz

