=LDR  00722nam  22002415i 4500
=001  000059863
=003  BIBL
=005  19980819073400.0
=008  800226s1980\\\\xx\\\\\\\\\\\\00010\eng\d
=035  9\$a59863
=035  \\$a(OCoLC)06020714
=040  \\$aIWA$cIWA
=099  \\$aISU$a1980$aSi64
=100  10$aSingh, Anmol.
=245  10$aCrack depth determination by ultrasonic frequency analysis aided by dynamic photoelasticity /$cby Anmol Singh.
=260  0\$c1980.
=300  \\$a111 leaves :$bill. ;$c29 cm.
=500  \\$aTypescript (Photocopy).
=500  \\$aThesis (M.S.)--Iowa State University of Science and Technology.
=504  \\$aIncludes bibliography.
=690  \\$aEngineering mechanics.
=999  \\$a59863
=902  \\$axyz

