=LDR  00796nam  22002535i 4500
=001  000059864
=003  BIBL
=005  19980819073400.0
=008  800226s1980\\\\xx\\\\\\\\\\\\00010\eng\d
=035  9\$a59864
=035  \\$a(OCoLC)06020722
=040  \\$aIWA$cIWA
=049  \\$aIWAA$c1$aIWAF$c2
=099  \\$aISU$a1980$aC246
=100  10$aCarter, Jeanne Yegerlehner.
=245  10$aStudies on purification and characterization of surface tubules of fowlpox virus /$cby Jeanne Yegerlehner Carter.
=260  0\$c1980.
=300  \\$a48 leaves :$bill. ;$c29 cm.
=500  \\$aTypescript (Photocopy).
=500  \\$aThesis (M.S.)--Iowa State University of Science and Technology.
=504  \\$aIncludes bibliography.
=690  \\$aMolecular, cellular, and developmental biology.
=999  \\$a59864
=902  \\$axyz

