=LDR  00814nam  22002655i 4500
=001  000059865
=003  BIBL
=005  19980819073400.0
=008  800226s1980\\\\xx\\\\\\\\\\\\00010\eng\d
=035  9\$a59865
=035  \\$a(OCoLC)06020728
=040  \\$aIWA$cIWA
=099  \\$aISU$a1980$aK756
=100  10$aKnollenberg, Wesley George.
=245  10$aEffects of irradiation on the intramolluscan development of Schistosoma haematobium in Bulinus guernei /$cby Wesley George Knollenberg.
=260  0\$c1980.
=300  \\$a48 leaves :$bill. ;$c29 cm.
=500  \\$aTypescript (Photocopy).
=500  \\$aThesis (M.S.)--Iowa State University of Science and Technology.
=504  \\$aIncludes bibliography.
=690  \\$aZoology
=690  \\$aZoology (Parasitology).
=690  \\$aParasitology
=999  \\$a59865
=902  \\$axyz

