=LDR  00759nam  22002535i 4500
=001  000059868
=003  BIBL
=005  19980819073400.0
=008  800226s1980\\\\xx\\\\\\\\\\\\00010\eng\d
=035  9\$a59868
=035  \\$a(OCoLC)06020742
=040  \\$aIWA$cIWA
=099  \\$aISU$a1980$aD295
=100  10$aDavis, Lynn Dale.
=245  10$aEffect of cholesterol source, energy intake, and exercise on atherosclerosis in the goat /$cby Lynn Dale Davis.
=260  0\$c1980.
=300  \\$a97 leaves :$bill. ;$c29 cm.
=500  \\$aTypescript (Photocopy).
=500  \\$aThesis (M.S.)--Iowa State University of Science and Technology.
=504  \\$aIncludes bibliography.
=690  \\$aAnimal science.
=690  \\$aNutritional physiology.
=999  \\$a59868
=902  \\$axyz

