=LDR  00739nam  22002535i 4500
=001  000059869
=003  BIBL
=005  19980819073400.0
=008  800226s1980\\\\xx\\\\\\\\\\\\00010\eng\d
=035  9\$a59869
=035  \\$a(OCoLC)06020755
=040  \\$aIWA$cIWA
=099  \\$aISU$a1980$aN318
=100  00$aNeira, Luz Myriam.
=245  10$aEffect of dietary protein level on selected hematological indices in the rat /$cby Luz Myriam Neira.
=260  0\$c1980.
=300  \\$a52 leaves :$bill. ;$c29 cm.
=500  \\$aTypescript (Photocopy).
=500  \\$aThesis (M.S.)--Iowa State University of Science and Technology.
=504  \\$aIncludes bibliography.
=690  \\$aFood and nutrition.
=690  \\$aNutrition
=999  \\$a59869
=902  \\$axyz

