=LDR  00723nam  22002415i 4500
=001  000059870
=003  BIBL
=005  19980819073400.0
=008  800226s1980\\\\xx\\\\\\\\\\\\00010\eng\d
=035  9\$a59870
=035  \\$a(OCoLC)06020762
=040  \\$aIWA$cIWA
=099  \\$aISU$a1980$aD321
=100  10$aDawelbeit, Mamoun Ibrahim.
=245  10$aDesign and development of a point injector for liquid fertilizer /$cby Mamoun Ibrahim Dawelbeit.
=260  0\$c1980.
=300  \\$a100 leaves :$bill. ;$c29 cm.
=500  \\$aTypescript (Photocopy).
=500  \\$aThesis (M.S.)--Iowa State University of Science and Technology.
=504  \\$aIncludes bibliography.
=690  \\$aAgricultural engineering
=999  \\$a59870
=902  \\$axyz

