=LDR  00710nam  22002535i 4500
=001  000059872
=003  BIBL
=005  19980819073400.0
=008  800226s1980\\\\xx\\\\\\\\\\\\00010\eng\d
=035  9\$a59872
=035  \\$a(OCoLC)06020766
=040  \\$aIWA$cIWA
=099  \\$aISU$a1980$aK164
=100  00$aKaul, Rita Pathak.
=245  10$aEnzymatic adaptation to free fatty acid feeding /$cby Rita Pathak Kaul.
=260  0\$c1980.
=300  \\$a98 leaves :$bill. ;$c29 cm.
=500  \\$aTypescript (Photocopy).
=500  \\$aThesis (M.S.)--Iowa State University of Science and Technology.
=504  \\$aIncludes bibliography.
=690  \\$aFood and nutrition.
=690  \\$aNutrition
=999  \\$a59872
=902  \\$axyz

