=LDR  00756nam  22002655i 4500
=001  000059873
=003  BIBL
=005  19980819073400.0
=008  800226s1980\\\\xx\\\\\\\\\\\\00010\eng\d
=035  9\$a59873
=035  \\$a(OCoLC)06020776
=040  \\$aIWA$cIWA
=099  \\$aISU$a1980$aC839
=100  10$aCoy, Kathleen Bridget.
=245  10$aRecruitment of digenetic trematodes using caged snails /$cby Kathleen Bridget Coy.
=260  0\$c1980.
=300  \\$a51 leaves :$bill. ;$c29 cm.
=500  \\$aTypescript (Photocopy).
=500  \\$aThesis (M.S.)--Iowa State University of Science and Technology.
=504  \\$aIncludes bibliography.
=690  \\$aZoology
=690  \\$aZoology (Parasitology).
=690  \\$aParasitology
=999  \\$a59873
=902  \\$axyz

