=LDR  00759nam  22002415i 4500
=001  000059874
=003  BIBL
=005  19980819073400.0
=008  800226s1980\\\\xx\\\\\\\\\\\\00010\eng\d
=035  9\$a59874
=035  \\$a(OCoLC)06020788
=040  \\$aIWA$cIWA
=099  \\$aISU$a1980$aEy19
=100  10$aEyberg, Dorothy Ann.
=245  14$aThe inheritance of rind color patterns and thirteen other traits in watermelon, Citrullus lanatus (Thunb.) Matsum. and Nakai /$cby Dorothy Ann Eyberg.
=260  0\$c1980.
=300  \\$a116 leaves :$bill. ;$c29 cm.
=500  \\$aTypescript (Photocopy).
=500  \\$aThesis (M.S.)--Iowa State University of Science and Technology.
=504  \\$aIncludes bibliography.
=690  \\$aHorticulture
=999  \\$a59874
=902  \\$axyz

