=LDR  00695nam  22002415i 4500
=001  000059876
=003  BIBL
=005  19980819073400.0
=008  800226s1980\\\\xx\\\\\\\\\\\\00010\eng\d
=035  9\$a59876
=035  \\$a(OCoLC)06020796
=040  \\$aIWA$cIWA
=099  \\$aISU$a1980$aH931
=100  10$aHurburgh, Charles R.
=245  10$aSampling corn and soybeans for foreign material /$cby Charles R. Hurburgh.
=260  0\$c1980.
=300  \\$a135 leaves :$bill. ;$c29 cm.
=500  \\$aTypescript (Photocopy).
=500  \\$aThesis (M.S.)--Iowa State University of Science and Technology.
=504  \\$aIncludes bibliography.
=690  \\$aAgricultural engineering
=999  \\$a59876
=902  \\$axyz

