=LDR  00828nam  22002655i 4500
=001  000059877
=003  BIBL
=005  19980819073400.0
=008  800226s1980\\\\xx\\\\\\\\\\\\00010\eng\d
=035  9\$a59877
=035  \\$a(OCoLC)06020805
=040  \\$aIWA$cIWA
=099  \\$aISU$a1980$aT154
=100  00$aTan, Doris Tiu.
=245  14$aThe effects of progesterone and sexual isolation on ultrasound production and preputial gland weight in adult male mice (Mus musculus) /$cby Doris Tiu Tan.
=260  0\$c1980.
=300  \\$a29 leaves :$bill. ;$c29 cm.
=500  \\$aTypescript (Photocopy).
=500  \\$aThesis (M.S.)--Iowa State University of Science and Technology.
=504  \\$aIncludes bibliography.
=690  \\$aZoology
=690  \\$aZoology (Animal behavior).
=690  \\$aAnimal behavior
=999  \\$a59877
=902  \\$axyz

