=LDR  00746cam  22002415i 4500
=001  000059878
=003  BIBL
=005  19990312155200.0
=008  800226s1980\\\\xx\\\\\\\\\\\\00010\eng\d
=035  9\$a59878
=035  \\$a(OCoLC)06020818
=040  \\$aIWA$cIWA
=099  \\$aISU$a1980$aSm52
=100  10$aSmith, Bruce Vaughn.
=245  10$aMaximization of the power output of a 1 kw solar cell-inverter system by phase control in the inverter /$cby Bruce Vaughn Smith.
=260  0\$c1980.
=300  \\$a81 leaves :$bill. ;$c29 cm.
=500  \\$aTypescript (Photocopy).
=500  \\$aThesis (M.S.)--Iowa State University of Science and Technology.
=504  \\$aIncludes bibliography.
=690  \4$aElectrical engineering
=999  \\$a59878
=902  \\$axyz

