=LDR  00730cam  22002415i 4500
=001  000059907
=003  BIBL
=005  19990312155300.0
=008  800226s1980\\\\xx\\\\\\\\\\\\00010\eng\d
=035  9\$a59907
=035  \\$a(OCoLC)06021401
=040  \\$aIWA$cIWA
=099  \\$aISU$a1980$aP736
=100  10$aPlummer, Scott William.
=245  10$aForecasting of reactive power requirements of a residential distribution system /$cby Scott William Plummer.
=260  0\$c1980.
=300  \\$a148 leaves :$bill. ;$c29 cm.
=500  \\$aTypescript (Photocopy).
=500  \\$aThesis (M.S.)--Iowa State University of Science and Technology.
=504  \\$aIncludes bibliography.
=690  \4$aElectrical engineering
=999  \\$a59907
=902  \\$axyz

