=LDR  00859nam  22002655i 4500
=001  000059908
=003  BIBL
=005  19980819073600.0
=008  800226s1980\\\\xx\\\\\\\\\\\\00010\eng\d
=035  9\$a59908
=035  \\$a(OCoLC)06021420
=040  \\$aIWA$cIWA
=049  \\$aIWAA$c1$aIWAF$c2$aIWAE$c3
=099  \\$aISU$a1980$aAt14
=100  00$aAtala, Thomas Kakara.
=245  10$aFactors affecting adoption of agricultural innovations, usage of sources of information and level of living in two Nigerian villages /$cby Thomas Kakara Atala.
=260  0\$c1980.
=300  \\$a176 leaves :$bill. ;$c29 cm.
=500  \\$aTypescript (Photocopy).
=500  \\$aThesis (M.S.)--Iowa State University of Science and Technology.
=504  \\$aIncludes bibliography.
=650  \0$aSociology, Rural
=690  \\$aSociology and anthropology.
=999  \\$a59908
=902  \\$axyz

