=LDR  00688cam  22002415i 4500
=001  000061149
=003  BIBL
=005  19990312155300.0
=008  800314s1980\\\\xx\\\\\\\\\\\\00010\eng\d
=035  9\$a61149
=035  \\$a(OCoLC)06083611
=040  \\$aIWA$cIWA
=099  \\$aISU$a1980$aH859
=100  10$aHruskovec, Tomislav.
=245  12$aA short cylindrical antenna in a warm plasma /$cby Tomislav Hruskovec.
=260  0\$c1980.
=300  \\$a67 leaves :$bill. ;$c29 cm.
=500  \\$aTypescript (Photocopy).
=500  \\$aThesis (M.S.)--Iowa State University of Science and Technology.
=504  \\$aIncludes bibliography.
=690  \4$aElectrical engineering
=999  \\$a61149
=902  \\$axyz

