=LDR  00683nam  22002415i 4500
=001  000061152
=003  BIBL
=005  19980819082300.0
=008  800314s1980\\\\xx\\\\\\\\\\\\00010\eng\d
=035  9\$a61152
=035  \\$a(OCoLC)06083625
=040  \\$aIWA$cIWA
=099  \\$aISU$a1980$aN129
=100  1\$aNaeve, Linda
=245  10$aMuskmelon transplant production - use of mushroom compost /$cby Linda Klocke Naeve.
=260  0\$c1980.
=300  \\$a45 leaves :$bill. ;$c29 cm.
=500  \\$aTypescript (Photocopy).
=500  \\$aThesis (M.S.)--Iowa State University of Science and Technology.
=504  \\$aIncludes bibliography.
=690  \\$aHorticulture
=999  \\$a61152
=902  \\$axyz

