=LDR  00735nam  22002415i 4500
=001  000061154
=003  BIBL
=005  19980819082300.0
=008  800314s1980\\\\xx\\\\\\\\\\\\00010\eng\d
=035  9\$a61154
=035  \\$a(OCoLC)06083706
=040  \\$aIWA$cIWA
=099  \\$aISU$a1980$aN331
=100  00$aNelson, Allan C.
=245  12$aA new computer program for plant layout design - OPDEP Optimal Plant Design and Evaluation Program /$cby Allan C. Nelson.
=260  0\$c1980.
=300  \\$a76 leaves :$bill. ;$c29 cm.
=500  \\$aTypescript (Photocopy).
=500  \\$aThesis (M.S.)--Iowa State University of Science and Technology.
=504  \\$aIncludes bibliography.
=690  \\$aIndustrial engineering
=999  \\$a61154
=902  \\$axyz

