=LDR  00725nam  22002535i 4500
=001  000061155
=003  BIBL
=005  19980819082300.0
=008  800314s1980\\\\xx\\\\\\\\\\\\00010\eng\d
=035  9\$a61155
=035  \\$a(OCoLC)06083717
=040  \\$aIWA$cIWA
=099  \\$aISU$a1980$aOh2
=100  10$aOhde, Bill Reid.
=245  10$aMallard breeding strategies and attempts to alter the sex ration /$cby Bill Reid Ohde.
=260  0\$c1980.
=300  \\$a47 leaves :$bill. ;$c29 cm.
=500  \\$aTypescript (Photocopy).
=500  \\$aThesis (M.S.)--Iowa State University of Science and Technology.
=504  \\$aIncludes bibliography.
=690  \\$aAnimal ecology
=690  \\$aWildlife biology.
=999  \\$a61155
=902  \\$axyz

