=LDR  00765nam  22002535i 4500
=001  000061156
=003  BIBL
=005  19980819082300.0
=008  800314s1980\\\\xx\\\\\\\\\\\\00010\eng\d
=035  9\$a61156
=035  \\$a(OCoLC)06083733
=040  \\$aIWA$cIWA
=099  \\$aISU$a1980$aW637
=100  00$aWiese, Karen A.
=245  10$aInterspousal property ownership and the optimization of the marital deduction in estate planning /$cby Karen A. Wiese.
=260  0\$c1980.
=300  \\$a100 leaves :$bill. ;$c29 cm.
=500  \\$aTypescript (Photocopy).
=500  \\$aThesis (M.S.)--Iowa State University of Science and Technology.
=504  \\$aIncludes bibliography.
=650  \0$aAgriculture$xEconomic aspects
=690  \\$aEconomics
=999  \\$a61156
=902  \\$axyz

