=LDR  01045nam  22002895i 4500
=001  000065963
=003  BIBL
=005  20061013140700.0
=008  800527s1980\\\\xx\\\\\\\\\\\\00010\eng\d
=035  9\$a65963
=035  \\$a(OCoLC)06362331
=040  \\$aIWA$cIWA
=099  \\$aISU$a1980$aZ19
=100  10$aZasadzinski, John Francis,$d1952-
=245  10$aSuperconducting tunneling study of V and V−b3−sGa /$cby John Francis Zasadzinski.
=260  0\$c1980.
=300  \\$a105 leaves :$bill. ;$c29 cm.
=500  \\$aThesis--Iowa State University of Science and Technology.
=500  \\$aTypescript (Photocopy).
=502  \\$aThesis--Iowa State University of Science and Technology.
=504  \\$aIncludes bibliography.
=530  \\$aAlso available online.
=650  \0$aPhysics
=690  \\$aSolid state physics
=856  41$uhttp://proxy.lib.iastate.edu/login?url=http://gateway.proquest.com/openurl?url_ver=Z39.88-2004&rft_val_fmt=info:ofi/fmt:kev:mtx:dissertation&res_dat=xri:pqdiss&rft_dat=xri:pqdiss:8012994
=999  \\$a65963
=902  \\$axyz

