=LDR  01064nam  22002895i 4500
=001  000065964
=003  BIBL
=005  20061013140800.0
=008  800527s1980\\\\xx\\\\\\\\\\\\00010\eng\d
=035  9\$a65964
=035  \\$a(OCoLC)06362343
=040  \\$aIWA$cIWA
=099  \\$aISU$a1980$aY15
=100  10$aYan, Sau-chi Betty,$d1954-
=245  10$aIn vitro studies of the regulation of rabbit phosphoprotein phosphatase /$cby Sau-chi Betty Yan.
=260  0\$c1980.
=300  \\$a117 leaves :$bill. ;$c29 cm.
=500  \\$aThesis--Iowa State University of Science and Technology.
=500  \\$aTypescript (Photocopy).
=502  \\$aThesis--Iowa State University of Science and Technology.
=504  \\$aIncludes bibliography.
=530  \\$aAlso available online.
=690  \\$aBiochemistry and biophysics.
=690  \\$aBiochemistry.
=856  41$uhttp://proxy.lib.iastate.edu/login?url=http://gateway.proquest.com/openurl?url_ver=Z39.88-2004&rft_val_fmt=info:ofi/fmt:kev:mtx:dissertation&res_dat=xri:pqdiss&rft_dat=xri:pqdiss:8012992
=999  \\$a65964
=902  \\$axyz

