=LDR  01082cam  22002895i 4500
=001  000065966
=003  BIBL
=005  20061013141700.0
=008  800527s1980\\\\xx\\\\\\\\\\\\00010\eng\d
=035  9\$a65966
=035  \\$a(OCoLC)06362359
=040  \\$aIWA$cIWA
=099  \\$aISU$a1980$aH671
=100  00$aHoekman, S. Kent,$d1953-
=245  10$aSynthetic and mechanistic studies of (p-p) -bonded organosilicon and organogermanium reactive intermediates /$cby S. Kent Hoekman.
=260  0\$c1980.
=300  \\$a267 leaves :$bill. ;$c29 cm.
=500  \\$aThesis--Iowa State University of Science and Technology.
=500  \\$aTypescript (Photocopy).
=502  \\$aThesis--Iowa State University of Science and Technology.
=504  \\$aIncludes bibliography.
=530  \\$aAlso available online.
=690  \\$aChemistry
=690  \4$aOrganic chemistry
=856  41$uhttp://proxy.lib.iastate.edu/login?url=http://gateway.proquest.com/openurl?url_ver=Z39.88-2004&rft_val_fmt=info:ofi/fmt:kev:mtx:dissertation&res_dat=xri:pqdiss&rft_dat=xri:pqdiss:8012967
=999  \\$a65966
=902  \\$axyz

