=LDR  01003nam  22002775i 4500
=001  000065967
=003  BIBL
=005  20061013140900.0
=008  800527s1980\\\\xx\\\\\\\\\\\\00010\eng\d
=035  9\$a65967
=035  \\$a(OCoLC)06362371
=040  \\$aIWA$cIWA
=099  \\$aISU$a1980$aW495
=100  10$aWerner, Neil Michael,$d1950-
=245  10$aProbabilistic and statistical aspects of random stopping$cby Neil Michael Werner.
=260  0\$c1980.
=300  \\$a93 leaves :$bill. ;$c29 cm.
=500  \\$aThesis--Iowa State University of Science and Technology.
=500  \\$aTypescript (Photocopy).
=502  \\$aThesis--Iowa State University of Science and Technology.
=504  \\$aIncludes bibliography.
=530  \\$aAlso available online.
=690  \\$aStatistics
=856  41$uhttp://proxy.lib.iastate.edu/login?url=http://gateway.proquest.com/openurl?url_ver=Z39.88-2004&rft_val_fmt=info:ofi/fmt:kev:mtx:dissertation&res_dat=xri:pqdiss&rft_dat=xri:pqdiss:8012990
=999  \\$a65967
=902  \\$axyz

