=LDR  00674nam  22002415i 4500
=001  000070856
=003  BIBL
=005  19980819220600.0
=008  800806s1980\\\\xx\\\\\\\\\\\\00010\eng\d
=035  9\$a70856
=035  \\$a(OCoLC)06590247
=040  \\$aIWA$cIWA
=099  \\$aISU$a1980$aW126
=100  10$aWahl, Marian Fuller.
=245  10$aMark Twain's translation of Der Struwwelpeter /$cby Marian Fuller Wahl.
=260  0\$c1980.
=300  \\$a32 leaves :$bill. ;$c29 cm.
=500  \\$aThesis (M.A.)--Iowa State University of Science and Technology.
=502  \\$aTypescript (Photocopy).
=504  \\$aIncludes bibliography.
=690  \\$aEnglish
=999  \\$a70856
=902  \\$axyz

