=LDR  01137nam  2200313   4500
=001  000073841
=003  BIBL
=005  19980820000600.0
=008  750404s1937\\\\xx\\\\\\\\\\\\00100\eng\u
=010  \\$a38024212
=035  9\$a73841
=035  \\$a(OCoLC)01253470
=040  \\$cCSU$dIWA
=049  \\$aIWAA
=050  \\$aBX5170$b.W4 1934
=100  10$aWeske, Dorothy (Bruce)$d1900-
=245  10$aConvocation of the clergy;$ba study of its antecedents and its rise, with special emphasis upon its growth and activities in the thirteenth and fourteenth centuries,$cby Dorothy Bruce Weske.
=260  0\$aLondon,$bSociety for Promoting Christian Knowledge;$aNew York,$bMacmillan$c[1937]
=300  \\$ax, 368 p.$btables.$c22 cm.
=500  \\$aThesis note on p. [vi]
=500  \\$a"First published 1937."
=500  \\$a"Published for the Church Historical Society."
=502  \\$aThesis (Ph.D.) - Radcliffe College, 1934.
=504  \\$aBibliography: p. 340-358.
=610  20$aChurch of England$xGovernment
=610  20$aChurch of England$xClergy
=610  20$aChurch of England$xHistory
=710  20$aChurch Historical Society.
=999  \\$a73841

