=LDR  00745nam  2200253 i 4500
=001  000078558
=003  BIBL
=005  20060215114100.0
=008  801120r19731970miua\\\\\b\\\\00010\eng\d
=035  9\$a78558
=035  \\$a(OCoLC)06959952
=040  \\$aIWA$cIWA
=049  \\$aIWAA
=090  \\$aHD9284$b.V47x
=100  10$aVertrees, James G.
=245  10$aEvaluation of alternative egg distribution channel systems /$cby James G. Vertrees.
=260  0\$c1970
=300  \\$ax, 193 leaves :$bill.
=500  \\$aThesis--Michigan State University.
=500  \\$aPhotocopy of tyepscript. Ann Arbor, Mich. : University Microfilms, 1973.--21 cm.
=504  \\$aBibliography: leaves 161-165.
=650  \0$aEgg trade
=650  \0$aEgg$xMarketing.
=999  \\$a78558

