=LDR  00773nam  22002415i 4500
=001  000079970
=003  BIBL
=005  19980820041400.0
=008  801224s1980\\\\xx\\\\\\\\\\\\00010\eng\d
=035  9\$a79970
=035  \\$a(OCoLC)07034739
=040  \\$aIWA$cIWA
=099  \\$aISU$a1980$aSa33
=100  00$aSalih, Mohammad Salih Abdul Rahman.
=245  10$aResponse of an in-core neutron detector to a vibrating absorber based on the detector adjoint function /$cby Mohammad Salih Abdul Rahman Salih.
=260  0\$c1980.
=300  \\$a95 leaves :$bill. ;$c29 cm.
=500  \\$aTypescript (Photocopy).
=500  \\$aThesis (M.S.)--Iowa State University of Science and Technology.
=504  \\$aIncludes bibliography.
=690  \\$aNuclear engineering
=999  \\$a79970
=902  \\$axyz

