=LDR  00816nam  22002655i 4500
=001  000079971
=003  BIBL
=005  19980820041400.0
=008  801224s1980\\\\xx\\\\\\\\\\\\00010\eng\d
=035  9\$a79971
=035  \\$a(OCoLC)07034743
=040  \\$aIWA$cIWA
=049  \\$aIWAA$c1$aIWAF$c2
=099  \\$aISU$a1980$aAL41
=100  10$aAli, Mohamed Ahmed.
=245  10$aGrinding parameters as a measure of corn mechanical damage /$cby Mohamed Ahmed Ali.
=260  0\$c1980.
=300  \\$a173 leaves :$bill. ;$c29 cm.
=500  \\$aThesis (M.S.)--Iowa State University of Science and Technology.
=500  \\$aTypescript (Photocopy).
=502  \\$aThesis (M.S.)--Iowa State University of Science and Technology.
=504  \\$aIncludes bibliography.
=690  \\$aAgricultural engineering
=999  \\$a79971
=902  \\$axyz

