=LDR  00796nam  22002655i 4500
=001  000079972
=003  BIBL
=005  19980820041400.0
=008  801224s1980\\\\xx\\\\\\\\\\\\00010\eng\d
=035  9\$a79972
=035  \\$a(OCoLC)07034750
=040  \\$aIWA$cIWA
=099  \\$aISU$a1980$aP111
=100  00$aPaarman, Stephen Carl.
=245  10$aRoot grafts in Populus : growth relations and wetwood disease transmission between trees /$cby Stephen Carl Paarman.
=260  0\$c1980.
=300  \\$a42 leaves :$bill. ;$c29 cm.
=500  \\$aTypescript (Photocopy).
=500  \\$aThesis (M.S.)--Iowa State University of Science and Technology.
=504  \\$aIncludes bibliography.
=690  \\$aForestry
=690  \\$aForestry (Forest biology)
=690  \\$aForest biology.
=999  \\$a79972
=902  \\$axyz

