=LDR  00981nam  22002895i 4500
=001  000079974
=003  BIBL
=005  19980820041400.0
=008  801224s1980\\\\xx\\\\\\\\\\\\00010\eng\d
=035  9\$a79974
=035  \\$a(OCoLC)07034754
=040  \\$aIWA$cIWA
=049  \\$aIWAA$c1$aIWAF$c2
=099  \\$aISU$a1980$aB295
=100  10$aBassuk, James Andrew.
=245  10$aHigh mobility group non-histone chromosomal proteins from Drosophilia melanogaster embryonic nuclei /$cby James Andrew Bassuk.
=260  0\$c1980.
=300  \\$a60 leaves :$bill. ;$c29 cm.
=500  \\$aThesis (M.S.)--Iowa State University of Science and Technology.
=500  \\$aTypescript (Photocopy).
=502  \\$aThesis (M.S.)--Iowa State University of Science and Technology.
=504  \\$aIncludes bibliography.
=690  \\$aZoology
=690  \\$aZoology (Molecular, cellular, and developmental biology).
=690  \\$aMolecular, cellular, and developmental biology.
=999  \\$a79974
=902  \\$axyz

