=LDR  00777nam  22002415i 4500
=001  000079975
=003  BIBL
=005  19980820041400.0
=008  801224s1980\\\\xx\\\\\\\\\\\\00010\eng\d
=035  9\$a79975
=035  \\$a(OCoLC)07034757
=040  \\$aIWA$cIWA
=099  \\$aISU$a1980$aH927
=100  10$aHuntrods, Diane Marie.
=245  10$aCollege student attitudes toward nonmarital cohabitation : an application of Reiss's Autonomy Theory of Heterosexual Permissiveness /$cby Diane Marie Huntrods.
=260  0\$c1980.
=300  \\$a119 leaves :$bill. ;$c29 cm.
=500  \\$aTypescript (Photocopy).
=500  \\$aThesis (M.S.)--Iowa State University of Science and Technology.
=504  \\$aIncludes bibliography.
=690  \\$aFamily environment.
=999  \\$a79975
=902  \\$axyz

