=LDR  00803nam  22002535i 4500
=001  000079976
=003  BIBL
=005  19980820041400.0
=008  801224s1980\\\\xx\\\\\\\\\\\\00010\eng\d
=035  9\$a79976
=035  \\$a(OCoLC)07034760
=040  \\$aIWA$cIWA
=099  \\$aISU$a1980$aP443
=100  00$aPeterson, Gary A.
=245  13$aAn investigation of soil strength, soil density, soil texture, and soil moisture content on a reconstructed coal mine site in Mahaska County, Iowa /$cby Gary A. Peterson.
=260  0\$c1980.
=300  \\$a88 leaves :$bill. ;$c29 cm.
=500  \\$aTypescript (Photocopy).
=500  \\$aThesis (M.S.)--Iowa State University of Science and Technology.
=504  \\$aIncludes bibliography.
=690  \\$aAgronomy
=690  \\$aSoil management
=999  \\$a79976
=902  \\$axyz

