=LDR  01046nam  2200301 i 4500
=001  000097102
=003  BIBL
=005  20040414095000.0
=008  770214s1976\\\\xx\\\\\\\\\\\\00000\eng\d
=035  9\$a97102
=035  \\$a(OCoLC)02737281
=040  \\$aCLU$cCLU$dOCL$dm.c.$dIWA
=049  \\$aIWAA
=090  \\$aQL638.L4$bW54x 1976
=100  10$aWiley, E. O.
=245  14$aThe phylogeny and biogeography of fossil and Recent gars (Actinopterygii, Lepisosteidae) /$cby E. O. Wiley.
=260  0\$aLawrence :$bUniversity of Kansas,$c1976.
=300  \\$a111 p. :$bill. ;$c26 cm.
=490  1\$aMiscellaneous publication - University of Kansas, Museum of Natural History ; no. 64
=500  \\$aThesis--City University of New York.
=590  \\$a[Member library cataloging]
=650  \0$aFishes$xClassification
=650  \0$aFishes$xGeographical distribution
=650  \0$aFishes, Fossil
=650  \0$aPhylogeny
=690  \\$aLepisosteidae
=830  \0$aMiscellaneous publication (University of Kansas. Museum of Natural History)$vno. 64
=999  \\$a97102

