=LDR  00771cam  2200241 i 4500
=001  000101450
=003  BIBL
=005  20010410134300.0
=008  780201s1976\\\\nsc\\\\\\b\\\\00010\eng\d
=035  9\$a101450
=035  \\$a(OCoLC)03593728
=040  \\$aAFU$cAFU$dIWA
=090  \\$aNA2599.5$b.M35
=100  10$aMaharaj, Jayant J.
=245  14$aThe nature of architectural criticism /$cby Jayant J. Maharaj.
=260  0\$aHalifax :$bNova Scotia Technical College,$c1976.
=300  \\$a140 p. ;$c28 cm.
=440  \0$aSchool of Architecure report series ;$vno. 36
=490  0\$aSchool of Architecture report series ; no. 36
=500  \\$aThesis (M.A.)--Nova Scotia Technical College.
=504  \\$aBibliography : p. 136-140.
=590  \\$a[Member library cataloging]
=999  \\$a101450

