=LDR  00946nam  2200253 a 4500
=001  000103490
=003  BIBL
=005  19980820200000.0
=008  811211s1978\\\\gw\e\\\\\\\\\\00010\ger\d
=035  9\$a103490
=035  \\$a(OCoLC)07988774
=040  \\$aIWA$cIWA
=049  \\$aIWAA
=090  \\$aD764$b.B275x
=100  00$aBeer, Albert.
=245  14$aDer Fall Barbarossa :$bUntersuchungen zur Geschichte der Vorbereitungen des deutschen Feldzuges gegen die Union der Sozialistischen Sowjetrepubliken im Jahre 1941 /$cvorgelegt von Albert Beer.
=260  0\$aEllwangen :$bAlbert Beer,$c1978.
=300  \\$a261, [3] p. :$bplans ;$c24 cm.
=500  \\$a"Neuere Geschichte"
=500  \\$aThesis (doctoral) -- Westfälischen Wilhelms - Universität zu Münster, 1978.
=504  \\$aIncludes bibliographical references.
=650  \0$aWorld War, 1939-1945$xCampaigns$zEastern Front.
=650  \0$aWorld War, 1939-1945$xCampaigns$zSoviet Union.
=999  \\$a103490

