=LDR  00850cam  2200253 a 4500
=001  000128805
=003  BIBL
=005  20080806170200.0
=008  820217s1981\\\\mau\\\\\\\\\\\00000\eng\d
=035  9\$a128805
=035  \\$a(OCoLC)08160690
=040  \\$aWNG$cWNG$dIWA
=090  \\$aQA76$b.P7611 no.257
=100  00$aCesari, Carol Andrea.
=245  10$aApplication of data flow architecture to computer music synthesis /$cby Carol Andrea Cesari.
=260  0\$aCambridge, Mass. :$bMassachusetts Institute of Technology, Laboratory for Computer Science,$c1981.
=300  \\$a129 p. ;$c28 cm.
=440  \0$aM.I.T./L.C.S./T.R.$v257
=500  \\$aThesis (B.S., M.S.): Massachusetts Institute of Technology.
=504  \\$aBibliography: p. 128
=650  \0$aComputer music
=650  \0$aComputer sound processing
=650  \0$aComputer architecture
=999  \\$a128805

