=LDR  00839cam  2200253 a 4500
=001  000128806
=003  BIBL
=005  20080806170200.0
=008  820217s1981\\\\mau\\\\\\\\\\\00000\eng\d
=035  9\$a128806
=035  \\$a(OCoLC)08160616
=040  \\$aWNG$cWNG$dIWA
=090  \\$aQA76$b.P7611 no.258
=100  00$aSingh, Narinder,$d1956-
=245  12$aA design methodology for self-timed systems /$cby Narinder Pal Singh.
=260  0\$aCambridge Mass. :$bMassachusetts Institute of Technology, Laboratory for Computer Science,$c1981.
=300  \\$a98 p. ;$c28 cm.
=440  \0$aM.I.T./L.C.S./T.R.$v258
=500  \\$aThesis (M.S.): Massachusetts Institute of Technology.
=504  \\$aBibliography: p. 97-98.
=650  \0$aLogic design
=650  \0$aIntegrated circuits$xLarge scale integration
=740  01$aSelf-timed systems.
=999  \\$a128806

