=LDR  00890nam  2200313 a 4500
=001  000151301
=003  BIBL
=005  19980819173000.0
=008  821228s1983\\\\mau\\\\\\b\\\\00110\eng\\
=010  \\$a82024992
=020  \\$a0262192187
=035  9\$a151301
=035  \\$a(OCoLC)09154518
=040  \\$aDLC$cDLC$dIWA
=049  \\$aIWAA
=050  0\$aQA76.6$b.S49 1983
=082  0\$a001.64/2$219
=100  10$aShapiro, Ehud Y.
=245  10$aAlgorithmic program debugging /$cEhud Y. Shapiro.
=260  0\$aCambridge, Mass. :$bMIT Press,$cc1983.
=300  \\$axiii, 232 p. ;$c24 cm.
=440  \0$aACM distinguished dissertations
=500  \\$aThesis (Ph.D.)--Yale University, 1982.
=500  \\$aIncludes index.
=504  \\$aBibliography: p. [215]-229.
=650  \0$aDebugging in computer science
=650  \0$aProlog (Computer program language)
=999  \\$a151301
=039  0\$a2$b3$c3$d3$e3

