=LDR  00736nam  2200241 i 4500
=001  000151508
=003  BIBL
=005  20030718163100.0
=008  770825s1976\\\\xx\\\\\\\\\\\\00000\eng\d
=035  9\$a151508
=035  \\$a(OCoLC)03217507
=040  \\$aOSU$cOSU$dm.c.$dIWA
=049  \\$aIWAA
=090  \\$aPN1998.A3$bG6238x
=100  10$aLevitin, Jacqueline,$d1945-
=245  10$aJean-Luc Godard :$baesthetics as revolution /$cby Jacqueline Levitin.
=260  0\$cc1976.
=300  \\$a189 p.
=500  \\$aThesis - State University of New York at Buffalo.
=500  \\$aPhotocopy of typescript. Ann Arbor, Mich., University Microfilms, 1983. 21 cm.
=504  \\$aBibliography: p. 184-189.
=600  10$aGodard, Jean Luc,$d1930-
=999  \\$a151508

