=LDR  01226nam  2200313 a 4500
=001  000153293
=003  BIBL
=005  19990712161700.0
=008  821221s1982\\\\sw\\\\\\\b\\\\00110\eng\d
=020  \\$a9155412467
=020  \\$z0391025866 (U.S.A.)
=035  9\$a153293
=035  \\$a(OCoLC)09071476
=040  \\$aGZQ$cGZQ$dIWA
=049  \\$aIWAA
=090  \\$aB1674.W354$bP45x 1982
=100  00$aPhilipson, Sten M.
=245  12$aA metaphysics for theology :$ba study of some problems in the later philosophy of Alfred North Whitehead and its applications to issues in contemporary theology /$cSten M. Philipson.
=260  0\$aUppsala :$b[Uppsala Universitet] ;$aStockholm :$b[distributor] Almqvist & Wiksell International ;$a[Atlantic Highlands] N.J. :$b[distributor] Humanities Press,$c1982.
=300  \\$a174 p. ;$c24 cm.
=440  \0$aActa Universitatis Upsaliensis.$pStudia doctrinae Christianae Upsaliensia$v22
=500  \\$aThesis (doctoral)--University of Uppsala, 1982.
=500  \\$aBibliography: p 163-170.
=500  \\$aIncludes index.
=600  10$aWhitehead, Alfred North,$d1861-1947.
=600  00$aWhitehead, Alfred North,$d1861-1947$xMetaphysics.
=650  \0$aTheology
=999  \\$a153293
=092  0\$a192$219

