=LDR  00865cam  2200265 a 4500
=001  000161052
=003  BIBL
=005  20080806170300.0
=008  821214s1982\\\\mau\\\\\\\\\\\00010\eng\d
=027  \\$aMIT/LCS/TR-275
=035  9\$a161052
=035  \\$a(OCoLC)09054012
=040  \\$aPMC$cPMC$dIWA
=090  \\$aQA76$bP7611, no.275
=100  00$aKunin, Jay S.
=245  10$aAnalysis and specification of office procedures /$cJay S. Kunin.
=260  0\$aCambridge, Mass. :$bMassachusetts Institute of Technology, Laboratory for Computer Science,$cc1982.
=300  \\$a232 p. ;$c28 cm.
=440  \0$aM.I.T./L.C.S./T.R.$v275
=500  \\$aThesis (Ph. D.)--Massachusetts Institute of Technology, 1982.
=504  \\$aBibliography: p. 228-232.
=650  \0$aOffice practice$xAutomation
=650  \0$aOSL (Computer program language)
=999  \\$a161052
=092  \\$a510.7855$bK97a

