=LDR  00942nam  2200265 a 4500
=001  000161073
=003  BIBL
=005  19980820001100.0
=008  830824r19831973miu\\\\\\b\\\\00010\eng\d
=035  9\$a161073
=035  \\$a(OCoLC)09840407
=040  \\$aIGA$cIGA$dIWA
=049  \\$aIWAA
=090  \\$aPN1998.A3$bB4735x 1983
=100  10$aJohnson, Wayne N.$q(Wayne Neal),$d1944-
=245  13$aAn analysis of relational ethics in three films of Ingmar Bergman :$bThrough a glass darkly, The Communicants, and The Silence /$cWayne N. Johnson.
=260  0\$a[S.l. :$bs.n.],$c1973.
=300  \\$a188, [7] leaves ;$c22 cm.
=500  \\$a"April, 12, 1973."
=500  \\$aThesis (Ph. D.)--Temple University, 1973.
=504  \\$aBibliography: leaves [190]-[195]
=533  \\$aPhotocopy.$bAnn Arbor, Mich. :$cUniversity Microfilms International,$d1983.$e21 cm.
=600  10$aBergman, Ingmar,$d1918-2007
=999  \\$a161073
=092  \\$a791.43023$bB499YJ, 1983

