=LDR  01149nam  2200313 a 4500
=001  000161074
=003  BIBL
=005  19980820001100.0
=008  830719r19831972miua\\\\\b\\\\00010\eng\d
=035  9\$a161074
=035  \\$a(OCoLC)09715899
=040  \\$aIGA$cIGA$dIWA
=041  1\$aengswe$hswe
=049  \\$aIWAA
=090  \\$aPN1997.S484$bS42x 1983
=100  10$aSlayton, Ralph Emil,$d1934-
=245  10$aIngmar Bergman's The Seventh seal :$ba criticism /$cby Ralph Emil Slayton.
=260  0\$a[S.l. :$bs.n.],$c1972.
=300  \\$aix, 335 leaves :$bill. ; 22 cm.
=500  \\$aThesis (Ed. D.)--Columbia University, 1972.
=500  \\$aIncludes the complete Swedish dialog from the soundtrack of the film, with English translation.
=500  \\$a"Appendix A, shot-by-shot description": leaves 263-332.
=504  \\$aBibliography: leaves 247-262.
=533  \\$aPhotocopy.$bAnn Arbor, Mich. :$cUniversity Microfilms International,$c1983.$e22 cm.
=600  10$aBergman, Ingmar,$d1918-2007
=630  00$aSjunde inseglet (Motion picture)
=700  12$aBergman, Ingmar,$d1918-2007.$tSjunde inseglet.
=999  \\$a161074
=092  \\$a791.4372$bS631I, 1983

