=LDR  00817nam  2200241 a 4500
=001  000161158
=003  BIBL
=005  19980820001400.0
=008  831020r19831980miu\\\\\\b\\\\00010\eng\d
=035  9\$a161158
=035  \\$a(OCoLC)10039215
=040  \\$aIWA$cIWA
=049  \\$aIWAA
=090  \\$aPN1998.A3$bH5476x 1983
=100  10$aCorey, David.
=245  10$aFearful symmetries :$bthe contest of authority in the Hitchcock narrative /$cby David Corey.
=260  0\$a[S.l. :$bs.n.],$c1980.
=300  \\$aiii, 289 leaves ;$c29 cm.
=500  \\$aThesis (Ph.D.)--New York University, Graduate School of Arts and Science, 1980.
=504  \\$aBibliography: leaves 288-289.
=533  \\$aPhotocopy.$bAnn Arbor, Mich. :$cUniversity Microfilms International$d1983.$c21 cm.
=600  10$aHitchcock, Alfred,$d1899-1980
=999  \\$a161158

