=LDR  00856cam  2200253 a 4500
=001  000161489
=003  BIBL
=005  20080806170300.0
=008  821208s1982\\\\mau\\\\\\\\\\\00010\eng\d
=035  9\$a161489
=035  \\$a(OCoLC)09033678
=040  \\$aPMC$cPMC$dIWA
=090  \\$aQA76$bP7611, no.278
=100  00$aRosenstein, Larry Scott.
=245  10$aDisplay management in an integrated office workstation /$cby Larry S. Rosenstein.
=260  0\$aCambridge, Mass. :$bMassachusetts Institute of Technology, Laboratory for Computer Science,$cc1982.
=300  \\$a55 p. ;$c28 cm.
=440  \0$aM.I.T./L.C.S./T.R.$v278
=500  \\$aThesis (Ph. D.)--Massachusetts Institute of Technology, 1982.
=504  \\$aBibliography: p. 53-55.
=650  \0$aInformation display systems
=650  \0$aOffice practice$xAutomation
=999  \\$a161489
=092  \\$a510.7855$bR812d

