=LDR  00866cam  2200253 a 4500
=001  000161490
=003  BIBL
=005  20080806170300.0
=008  821214s1982\\\\mau\\\\\\\\\\\00010\eng\d
=035  9\$a161490
=035  \\$a(OCoLC)09054004
=040  \\$aPMC$cPMC$dIWA
=090  \\$aQA76$bP7611, no.277
=100  00$aJohnson, Mark Griffin.
=245  10$aEfficient modeling for short channel MOS circuit simulation /$cMark Griffin Johnson.
=260  0\$aCambridge, Mass. :$bMassachusetts Institute of Tecnology, Laboratory of Computer Science,$cc1982.
=300  \\$a91 p. ;$c28 cm.
=440  \0$aM.I.T./L.C.S./T.R.$v277
=500  \\$aThesis (M.S.)--Massachusetts Institute of Technology, 1982.
=504  \\$aBibliography: p. 88-91.
=650  \0$aElectronic circuits$xMathematical models.
=650  \0$aMetal oxide semiconductors
=999  \\$a161490
=092  \\$a621.38171$bJ68e

