=LDR  01005nam  2200289 i 4500
=001  000168919
=003  BIBL
=005  20070409135100.0
=008  770110s1964\\\\iaua\\\\\b\\\\00010\eng\d
=035  9\$a168919
=035  \\$a(OCoLC)02669520
=040  \\$aIPL$cIPL$dIWA
=049  \\$aIWAA$c1$aIWAE$c2
=090  \\$aHD9435$b.Sk12h
=100  10$aSkadberg, J. Marvin.
=245  10$aHog price differentials between selected Iowa markets /$cby John Marvin Skadberg.
=260  0\$c1964.
=300  \\$avi, 152 leaves :$bill. (part fold.);$c29 cm.
=500  \\$aThesis (Ph.D.)--Iowa State University, 1964.
=504  \\$aIncludes bibliography.
=530  \\$aAlso available online.
=650  \0$aSwine$xMarketing$zIowa.
=650  \0$aSwine$xPrices.
=856  41$uhttp://proxy.lib.iastate.edu/login?url=http://gateway.proquest.com/openurl?url_ver=Z39.88-2004&rft_val_fmt=info:ofi/fmt:kev:mtx:dissertation&res_dat=xri:pqdiss&rft_dat=xri:pqdiss:6513006
=999  \\$a168919
=092  \\$a658.8096364$bSk12h
=902  \\$axyz

