=LDR  01010nam  2200349 a 4500
=001  000174218
=003  BIBL
=005  19980820083300.0
=008  830701s1982\\\\be\a\\\\\b\\\\00010\eng\\
=010  \\$a82177334
=020  \\$a9064391653 (pbk.)
=035  9\$a174218
=035  \\$a(OCoLC)09732202
=040  \\$aDLC$cDLC$dIWA
=049  \\$aIWAA
=050  0\$aPC5207$b.Q53 1982
=082  0\$a469.5$219
=100  10$aQuicoli, Antonio Carlos.
=245  14$aThe structure of complementation /$cAntonio Carlos Quicoli.
=260  0\$aGhent :$bE. Story-Scientia,$c1982.
=300  \\$axii, 172 p. :$bill. ;$c24 cm.
=440  \0$aSIGLA$v3
=500  \\$aThesis.
=504  \\$aBibliography: p. [171]-172.
=650  \0$aPortuguese language$xSyntax.
=650  \0$aPortuguese language$xGrammar, Generative.
=650  \0$aPortuguese language$xAgreement.
=650  \0$aParecer (The Portuguese word)
=650  \0$aGreek language$xCase.
=650  \0$aGreek language$xAgreement.
=999  \\$a174218
=039  0\$a2$b3$c3$d3$e3

