=LDR  00802nam  22002655a 4500
=001  000177705
=003  BIBL
=005  19980820105200.0
=008  840509s1982\\\\xx\a\\\\\\\\\\00010\eng\d
=035  9\$a177705
=035  \\$a(OCoLC)10706323
=040  \\$aIWA$cIWA
=049  \\$aIWAA$c1$aIWAF$c2
=099  \\$aISU$a1982$aP219
=100  10$aPark, Taekyu.
=245  10$aEffect of smokehouse humidity levels on quality characteristics of various cured products /$cby Taekyu Park.
=260  0\$c1982.
=300  \\$a166 leaves :$bill.$c29 cm. +$e20 slides (col.)
=500  \\$aTypescript (Photocopy).
=500  \\$aThesis (M.S.)--Iowa State University of Science and Technology, 1982.
=504  \\$aIncludes bibliography.
=690  \\$aAnimal science.
=690  \\$aMeat science.
=999  \\$a177705
=902  \\$axyz

