=LDR  00753nam  2200241   4500
=001  000191622
=003  BIBL
=005  19980820222100.0
=008  720830s1937\\\\dcu\\\\\\b\\\\00110\eng\\
=010  \\$a38003132
=035  9\$a191622
=035  \\$a(OCoLC)00395195
=040  \\$cMSC$dOCL$dIWA
=049  \\$aIWAA
=050  \\$aPN686.A7$bB3
=100  00$aBaker, Imogene,$csister.
=245  14$aThe king's household in the Arthurian court from Geoffrey of Monmouth to Malory$cby Sister Imogene Baker.
=260  0\$aWashington, D.C.,$bCatholic University of America,$c1937.
=300  \\$ax,166p.$c22cm.
=500  \\$aThesis (Ph.D.) - Catholic University of America.
=600  00$aArthur,$cKing
=650  \0$aLiterature, Medieval$xHistory and criticism
=999  \\$a191622

