=LDR  01054nam  2200325 a 4500
=001  000196164
=003  BIBL
=005  19980821020200.0
=008  850108s1984\\\\ne\a\\\\\b\\\\00010\eng\d
=020  \\$a906871001X
=035  9\$a196164
=035  \\$a(OCoLC)11557511
=040  \\$aMIU$cMIU$dIWA
=041  1\$aeng$hdut$bdut
=049  \\$aIWAA
=090  \\$aBD113.S38$bS4 1984
=090  \\$aB2898$bS38x, 1984
=100  10$aSchulte, Nico
=245  10$aSelf and being :$ban investigation into the experiential basis of Schelling's philosophy of consciousness /$cdoor Nicolaas Theodorus Lambertus Schulte.
=260  0\$aLelystad, Holland :$bSoma Boekenservice,$cc1984
=300  \\$a[viii], 280 p. :$bill. ;$c21 cm.
=500  \\$aSummary in Dutch: p. 267-275.
=500  \\$aThesis (doctoral) University of Amsterdam, 1984.
=504  \\$aBibliography: p. 276-280.
=600  10$aSchelling, Friedrich Wilhelm Joseph von,$d1775-1854
=650  \0$aPhilosophy
=650  \0$aSelf
=650  \0$aConsciousness
=650  \0$aTranscendental Meditation
=999  \\$a196164

