=LDR  00856nam  2200277   4500
=001  000205961
=003  BIBL
=005  20060110153600.0
=008  750102|1961|||||||\\\\\\\\\\|||||||eng\u
=035  9\$a205961
=035  \\$a(OCoLC)01127315
=040  \\$cOSU$dOCL$dIWA
=049  \\$aIWAA
=050  0\$aJK691$b.B327d
=082  \\$a351.10973
=100  00$aBaum, Bernard Helmut,$d1926-
=245  10$aDecentralization of authority in a bureaucracy.
=260  0\$aEnglewood Cliffs, N. J.,$bPrentice-Hall,$c[1961]
=300  \\$axi,$b173 p.$c24 cm.
=440  \0$aFord Foundation doctoral dissertation series
=500  \\$aThesis--University of Chicago.
=504  \\$aBibliography: p. 168-173.
=650  \0$aDecentralization in government$zUnited States.
=650  \0$aCivil service$zUnited States
=710  20$aUnited States Civil Service Commission.
=999  \\$a205961

