=LDR  00934cam  2200265   4500
=001  000227892
=003  BIBL
=005  20130507165439.0
=008  760402s1912\\\\wiu\\\\\\b\\\\00000\eng\\
=010  \\$a12033523
=035  9\$a227892
=035  \\$a(OCoLC)02088086
=040  \\$aDLC$cIAU$dIWA
=090  \\$aE173 W752b v.3 no.1
=100  1\$aOlbrich, Emil,$dd. 1906.
=245  14$aThe development of sentiment on Negro suffrage to 1860.
=260  0\$a[Madison, Wis.] :$bThe University of Wisconsin,$c1912.
=300  \\$a135 p. ;$c24 cm.
=490  1\$aBulletin of the University of Wisconsin ;$vno. 477.$aHistory series ;$vv. 3, no. 1
=500  \\$aThesis (M.A.)--University of Wisconsin, 1906.
=504  \\$aBibliography: p. 129-135.
=650  \0$aAfrican Americans$xSuffrage.
=830  \0$aBulletin of the University of Wisconsin$vno. 477.
=830  \0$aBulletin of the University of Wisconsin.$pHistory series$vv. 3, no. 1.
=999  \\$a227892

