=LDR  00972nam  2200289   4500
=001  000245954
=003  BIBL
=005  19980822084700.0
=008  791026s1924\\\\enkab\\\\\\\\\00010\eng\\
=010  \\$a25005550
=035  9\$a245954
=035  \\$a(OCoLC)05591039
=040  \\$aDLC$cCLE$dIWA
=049  \\$aIWAA
=050  \\$aDA715$b.R259s
=100  10$aRees, William,$d1887-
=245  10$aSouth Wales and the march, 1284-1415;$ba social and agrarian study,$cby William Rees.
=260  0\$a[London,$aNew York, etc.]$bOxford university press, H. Milford,$c1924.
=300  \\$axv, [1], 303, [1] p.$bmaps (1 fold.) diagrs.$c23 cm.
=500  \\$a"Thesis approved for the degree of doctor of science (econ.) in the University of London."
=504  \\$a"Authorities": p. [xi]-xiii.
=650  \0$aLand tenure$zWales$xHistory.
=650  \0$aBorders of Wales.
=651  00$aWales$xHistory$y1036-1563.
=651  00$aWales$xSocial conditions.
=999  \\$a245954
=092  \\$a939.9$bR259s

