=LDR  01059nam  2200277 i 4500
=001  000252340
=003  BIBL
=005  19980822120400.0
=008  761222s1975\\\\ilud\\\\\\\\\\00010\eng\d
=035  9\$a252340
=035  \\$a(OCoLC)02640198
=040  \\$aTRL$cTRL$dIWA
=049  \\$aIWAA
=090  \\$aHE199.9$bB48x, 1975
=100  10$aBernard, Martin Joseph
=245  14$aThe evolution of the national transportation system under future constraints and policy decisions /$cby Martin Joseph Bernard, III.
=260  0\$aEvanston, Ill. :$bNorthwestern University, Transportation Center,$c1975.
=300  \\$axii, 229 leaves :$bdiagrs. ;$c28 cm.
=490  1\$aResearch report / Transportation Center, Northwestern University
=500  \\$aThesis (Ph.D.)--Northwestern University, 1975.
=500  \\$aVita.
=504  \\$aBibliography: leaves 224-228.
=650  \0$aTransportation$xMathematical models.
=650  \0$aTransportation$xEnvironmental aspects.
=830  \0$aResearch report (Northwestern University (Evanston, ILL.). Transportation Center)
=999  \\$a252340

