=LDR  00805nam  2200265   4500
=001  000254842
=003  BIBL
=005  20060426153700.0
=008  711124|1927|||||||\\\\\\\\\\|||||||eng|u
=010  \\$a27023542
=035  9\$a254842
=035  \\$a(OCoLC)00175312
=040  \\$cOUN$dIWA
=050  \\$aJK2374.A2$b1927
=090  \\$aJK2374$b.C548p
=100  1\$aClark, John B.$q(John Bunyan),$d1884-1983.
=245  10$aPopulism in Alabama,$cby John B. Clark...
=260  0\$aAuburn, Ala.,$bAuburn printing company$c[c1927]
=300  \\$a1 p. ., [5]-196 p.$billus. (maps)$c23 cm.
=500  \\$aThesis (PH. D.)-New York university.
=500  \\$aOn cover: 1874-1896.
=504  \\$aBibliography: p. [183]-196.
=610  20$aPopulist Party (Ala.)
=651  \0$aAlabama$xPolitics and government$y1865-
=999  \\$a254842

