=LDR  00933nam  2200265 a 4500
=001  000260563
=003  BIBL
=005  19980822145700.0
=008  850529s1983\\\\sw\a\\\\\b\\\\00010\swe\d
=020  \\$a9172581689
=035  9\$a260563
=035  \\$a(OCoLC)12089379
=040  \\$aIWA$cIWA
=049  \\$aIWAA
=090  \\$aHQ783$bJ86x, 1983
=100  10$aJundin, Silja.
=245  10$aBarns uppfattningar om Konsumtion, sparande och arbete :$ben studie i ekonomisk socialisation /$cSilja Jundin.
=260  0\$aStockholm :$bEkonomiska forskningsinstituet vid Handelshögskolan i Stockholm,$c1983.
=300  \\$aiv, 252 p. :$bill. ;$c25 cm.
=500  \\$aThesis (doctoral)--Handelshögskolan i Stockholm, 1983.
=504  \\$aBibliography: p. 244-252.
=590  \\$aExtra t.p. with thesis statement tipped in.
=650  \0$aSocialization$xResearch.
=710  20$aHandelshögskolan i Stockholm.$bEkonomiska forskningsinstitutet.
=999  \\$a260563

