=LDR  00920cam  2200265 a 4500
=001  000262211
=003  BIBL
=005  20080806165400.0
=008  850521s1983\\\\maua\\\\\b\\\\00010\eng\d
=035  9\$a262211
=035  \\$a(OCoLC)12060967
=040  \\$aWPG$cWPG$dIWA
=090  \\$aQA76$b.P7611 no.313
=100  00$aKoile, Kimberle.
=245  14$aThe design and implementation of an online directory assistance system /$cby Kimberle Koile.
=260  0\$aCambridge, Mass. :$bMassachusetts Institute of Technology, Laboratory for Computer Science,$cc1983.
=300  \\$a106 p. :$bill. ;$c28 cm.
=440  \0$aM.I.T./L.C.S./T.R.$v313
=500  \\$aThesis (M.S.)--Massachusetts Institute of Technology.
=504  \\$aBibliography: p. 101-106.
=650  \0$aTelephone$xDirectories, Electronic
=650  \0$aInput design, Computer
=650  \0$aDatabase management
=740  01$aOnline directory assistance system.
=999  \\$a262211

