=LDR  00927cam  2200253 a 4500
=001  000263128
=003  BIBL
=005  20080806165500.0
=008  850521s1984\\\\maua\\\\\\\\\\00010\eng\d
=035  9\$a263128
=035  \\$a(OCoLC)12061524
=040  \\$aWPG$cWPG$dIWA
=090  \\$aQA76$b.P7611 no.320
=100  1\$aKornhauser, Daniel Martin.
=245  10$aCoordinating pebble motion on graphs, the diameter of permutation groups, and applications /$cby Daniel Martin Kornhauser.
=260  0\$aCambridge, Mass. :$bMassachusetts Institute of Technology, Laboratory for Computer Science,$c1984.
=300  \\$a67 p. :$bill. ;$c28 cm.
=440  \0$aM.I.T./L.C.S./T.R.$v320
=500  \\$aThesis (M.S.)--Massachusetts Institute of Technology.
=504  \\$aBibliography: p. 66-67.
=650  \0$aComputer storage devices
=650  \0$aElectronic data processing$xDistributed processing
=740  01$aPebble motion on graphs.
=999  \\$a263128

