=LDR  00808cam  2200241 a 4500
=001  000263130
=003  BIBL
=005  20080806165400.0
=008  850521s1984\\\\maua\\\\\\\\\\00010\eng\d
=035  9\$a263130
=035  \\$a(OCoLC)12061310
=040  \\$aWPG$cWPG$dIWA
=090  \\$aQA76$b.P7611 no.316
=100  00$aComer, Michael H.
=245  10$aLoose consistency in a personal computer mail system /$cby Michael H. Comer.
=260  0\$aCambridge, Mass. :$bMassachusetts Institute of Technology, Laboratory for Computer Science,$cc1984.
=300  \\$a50 p. :$bill. ;$c28 cm.
=440  \0$aM.I.T./L.C.S./T.R.$v316
=500  \\$aThesis (M.S.)--Massachusetts Institute of Technology.
=504  \\$aBibliography: p. 50.
=650  \0$aElectronic mail systems
=740  01$aPersonal computer mail system.
=999  \\$a263130

