=LDR  00920cam  2200253 a 4500
=001  000263468
=003  BIBL
=005  20080806165300.0
=008  841003s1983\\\\mauad\\\\b\\\\00010\eng\d
=035  9\$a263468
=035  \\$a(OCoLC)11222000
=040  \\$aWPG$cWPG$dIWA
=090  \\$aQA76$b.P7611 no.301
=100  00$aValente, Jose Armando.
=245  10$aCreating a computer-based learning environment for physically handicapped children /$cby Jose Armando Valente.
=260  0\$aCambridge, Mass. :$bMassachusetts Institute of Technology, Laboratory for Computer Science,$cc1983.
=300  \\$a207 p. :$bill., chart ;$c28 cm.
=440  \0$aM.I.T./L.C.S./T.R.$v301
=500  \\$aThesis--Massachusetts Institute of Technology.
=504  \\$aBibliography: p. 200-205.
=650  \0$aChildren with disabilities$xEducation.
=650  \0$aComputer-assisted instruction
=650  \0$aCerebral palsied children$xEducation
=999  \\$a263468

