=LDR  01035nam  2200313 i 4500
=001  000271663
=003  BIBL
=005  19980823125300.0
=008  790320r19781926sz\\\\\\\b\\\\00010\frem\
=010  \\$a79339256 //r86
=015  \\$aSw***
=020  \\$c80.00F
=035  9\$a271663
=035  \\$a(OCoLC)04014330
=040  \\$aDLC$cDLC$dm.c.$dIWA
=049  \\$aIWAA
=050  0\$aPQ1805.L5$bR38x 1978
=082  \\$a843/.01 s$a843/.4
=100  10$aRaynal, Marie Aline.
=245  13$aLe talent de Madame de La Fayette /$cMarie-Aline Raynal.
=260  0\$aGenève :$bSlatkine Reprints,$c1978.
=300  \\$a252, 122 p. ;$c23 cm.
=500  \\$aReprint of the 1926 ed. published by Picart, Paris.
=500  \\$aThesis--Toulouse.
=501  \\$aBound with the author's La nouvelle française de Segrais à Madame de La Fayette.
=504  \\$aIncludes bibliographies.
=600  10$aLa Fayette,$cMadame de$q(Marie-Madeleine Pioche de La Vergne),$d1634-1693.
=740  01$aNouvelle française de Segrais à Madame de La Fayette.
=999  \\$a271663

