=LDR  01206nam  22003498a 4500
=001  000272148
=003  BIBL
=005  19980823130500.0
=008  850226s1985\\\\nyu\\\\\\bs\\\00010\eng\\
=010  \\$a84048314
=020  \\$a0824066626 :$c{dollar}35.00
=035  9\$a272148
=035  \\$a(OCoLC)11814581
=040  \\$aDLC$cDLC$dIWA
=043  \\$an-usu--
=049  \\$aIWAA
=050  0\$aHB921$b.S74 1985
=082  0\$a304.6/32/08996073075$219
=100  00$aSteckel, Richard H.$q(Richard Hall),$d1944-
=245  14$aThe economics of U.S. slave and southern white fertility /$cRichard H. Steckel.
=260  0\$aNew York :$bGarland Pub.,$c1985.
=263  \\$a8508
=300  \\$a253 p. ;$c24 cm.
=440  \0$aAmerican economic history (Garland Publishing, Inc.)
=500  \\$aThesis (Ph. D.)--University of Chicago, 1977.
=504  \\$aBibliography: p. 246-253.
=650  \0$aFertility, Human$zSouthern States$xHistory$y19th century.
=650  \0$aAfrican Americans$zSouthern States$xPopulation$xHistory$y19th century.
=651  00$aSouthern States$xPopulation$xHistory$y19th century.
=740  01$aEconomics of United States slave and southern white fertility.
=999  \\$a272148
=039  0\$a2$b3$c3$d3$e3

