=LDR  00991nam  22002775a 4500
=001  000278000
=003  BIBL
=005  20060911143700.0
=008  860218s1985\\\\xx\a\\\\\\\\\\00010\eng\d
=035  9\$a278000
=035  \\$a(OCoLC)13167049
=040  \\$aIWA$cIWA
=049  \\$aIWAA$c1$aIWAF$c2
=099  \\$aISU$a1985$aF865
=100  00$aFratzke, Alfred Richard.
=245  10$aKinetic analysis of the dimertization and disproportionation of aqueous glyoxal /$cby Alfred Richard Fratzke, Jr.
=260  1\$c1985.
=300  \\$a307 leaves :$bill. ;$c29 cm.
=500  \\$aTypescript (photocopy)
=500  \\$aThesis (Ph.D.)--Iowa State University, 1985.
=504  \\$aIncludes bibliography.
=530  \\$aAlso available online.
=650  \0$aChemical engineering
=856  41$uhttp://proxy.lib.iastate.edu/login?url=http://gateway.proquest.com/openurl?url_ver=Z39.88-2004&rft_val_fmt=info:ofi/fmt:kev:mtx:dissertation&res_dat=xri:pqdiss&rft_dat=xri:pqdiss:8514397
=999  \\$a278000
=902  \\$axyz

