=LDR  01109nam  2200313 i 4500
=001  000296923
=003  BIBL
=005  19980824075500.0
=008  790314s1959\\\\ne\a\\\\\\\\\\00010\eng\d
=035  9\$a296923
=035  \\$a(OCoLC)04739565
=040  \\$aMFM$cMFM$dm.c.$dIWA
=049  \\$aIWAA
=090  \\$aS239.S2$bW3 v.59, no.5
=090  \\$aQK757$b.K128p
=100  10$aKamel, Mohamed Said,$d1926-
=245  12$aA physiological study of shading and density effects on the growth and the efficiency of solar energy cnversion in some field crops /$cM. S. Kamel.
=260  0\$aWageningen :$bH. Veenman,$c1959.
=300  \\$a101 p. :$bill. ;$c24 cm.
=500  \\$aProefschript--Landbouwhogeschool, Wageningen.
=500  \\$aReprinted from Mededelingen van de Landbouwhogeschool te Wageningen, 59 (5), 1-101 (1959)
=500  \\$aThesis statement in English on verso of t.p.
=500  \\$aTheorems inserted before p. 1.
=500  \\$aSummary in Dutch: p. 97-100.
=504  \\$aBibliography: p. 100-101.
=650  \0$aBarley
=650  \0$aMangel-wurzel
=650  \0$aPlants$xEffect of light on.
=999  \\$a296923

