=LDR  01047nam  22002655i 4500
=001  000298881
=003  BIBL
=005  20061130113000.0
=008  791205s1979\\\\xx\\\\\\\\\\\\00010\eng\d
=035  9\$a298881
=035  \\$a(OCoLC)05764790
=040  \\$aIWA$cIWA
=099  \\$aISU$a1979$aR392
=100  10$aRichards, Laura Rypstat,$d1933-
=245  10$aDiurnal variations in the activity of enzymes regulating lipid metabolism and in tissue lipid levels of adult rats fed different fat sources and cholesterol /$cLaura Rypstat Richards.
=260  0\$c1979.
=300  \\$a162 leaves :$bill. ;$c29 cm.
=530  \\$aAlso available online.
=500  \\$aTypescript (Photocopy).
=500  \\$aThesis--Iowa State University of Science and Technology.
=504  \\$aIncludes bibliography.
=690  \\$aFood and nutrition.
=856  41$uhttp://proxy.lib.iastate.edu/login?url=http://gateway.proquest.com/openurl?url_ver=Z39.88-2004&rft_val_fmt=info:ofi/fmt:kev:mtx:dissertation&res_dat=xri:pqdiss&rft_dat=xri:pqdiss:8010257
=999  \\$a298881
=902  \\$axyz

