=LDR  01030nam  2200313   4500
=001  000304341
=003  BIBL
=005  19980822073900.0
=008  750321|1932|||||||\\\\\\\\\\|||||||eng\u
=010  \\$a32017590
=035  9\$a304341
=035  \\$a(OCoLC)01228071
=040  \\$cHCD$dIWA
=049  \\$aIWAA
=050  \\$aPN57.G3$bM7 1932
=100  00$aMorgan, Mary Louis,$cSister.
=245  10$aGalahad in English literature...$cby Sister Mary Louis Morgan...
=260  0\$aWashington, D. C.,$bThe Catholic University of America,$c1932.
=300  \\$av p., 1 , 186 p.$c23 cm.
=500  \\$aThesis (PH.D.) - Catholic University of America, 1932.
=500  \\$aAt head of title: The Catholic University of America.
=504  \\$aBibliography: p. 176-186.
=600  00$aArthur,$cKing
=650  \0$aGalahad (Legendary character)
=650  \0$aGrail
=650  \0$aEnglish literature$xHistory and criticism
=650  \0$aAmerican literature$xHistory and criticism
=650  \0$aLiterature, Comparative$xThemes, motives
=999  \\$a304341

