=LDR  00679nam  2200241   4500
=001  000316928
=003  BIBL
=005  19980822153000.0
=008  790808s1979\\\\iau\\\\\\\\\\\00000\eng\d
=035  9\$a316928
=035  \\$a(OCoLC)05251771
=040  \\$aIWA$cIWA
=099  \\$aISU$a1979$aSu77
=100  10$aSuresh, S.$q(Subra)
=245  10$aEvaluation of polymers as lubricants in the extrusion of aluminum.
=260  0\$c1979.
=300  \\$a74 l.$billus.$c29 cm.
=500  \\$aTypescript (Photocopy).
=500  \\$aThesis (M.S.)--Iowa State University of Science and Technology.
=504  \\$aIncludes bibliography.
=650  \0$aMechanical engineering
=999  \\$a316928
=902  \\$axyz

