=LDR  00861nam  2200277   4500
=001  000317175
=003  BIBL
=005  19980822153900.0
=008  760623s1933\\\\nyua\\\\\b\\\\00010\eng\d
=010  \\$a34001520
=035  9\$a317175
=035  \\$a(OCoLC)02275901
=040  \\$aIAG$cIAG$dIWA
=049  \\$aIWAA
=050  1\$aLB1117$b.C121r
=082  \\$a136.7$a[159.9227]
=100  10$aCaille, Ruth Kennedy,$d1893-
=245  10$aResistant behavior of preschool children,$cby Ruth Kennedy Caille.
=260  0\$aNew York,$bTeachers college, Columbia university,$c1933.
=300  \\$axv, 142 p.$bdiagrs.$c24 cm.
=440  \0$aChild development monographs.$vMonograph no. 11
=500  \\$aThesis (PH.D)--Columbia University, 1933.
=500  \\$aPublished also without thesis note.
=504  \\$aBibliography: p. 125-126.
=650  \0$aChild development
=999  \\$a317175

