=LDR  01163nam  2200301 i 4500
=001  000318347
=003  BIBL
=005  19980822161800.0
=008  760622r19661947nyu\\\\\\\\\\\00110\eng\d
=035  9\$a318347
=035  \\$a(OCoLC)02273945
=040  \\$aKLG$cKLG$dIWA
=049  \\$aIWAA
=090  \\$aPQ6147.C5$bP3
=100  10$aPatchell, Mary Frances Corinne,$d1892-
=245  14$aThe Palmerin romances in Elizabethan prose fiction /$cby Mary Patchell.
=260  0\$aNew York :$bAMS Press,$c1966.
=300  \\$axiii, 157 p. ;$c23 cm.
=500  \\$aReprint of ed. first published in l947 by Columbia University Press, New York, as Columbia University studies in English and comparative literature, no. 166.
=500  \\$aThesis-Columbia University.
=504  \\$aBibliography: p. [137]-148.
=650  \0$aPalmerin (Romances, etc.)
=650  \0$aLiterature, Comparative$xSpanish and English.
=650  \0$aLiterature, Comparative$xEnglish and Spanish.
=650  \0$aEnglish fiction$yEarly modern, 1500-1700$xHistory and criticism.
=650  \0$aSpanish fiction$xTranslations into English.
=650  \0$aEnglish fiction$xTranslations from Spanish.
=999  \\$a318347

