=LDR  00720nam  2200241 i 4500
=001  000327904
=003  BIBL
=005  19980822213600.0
=008  790810s1978\\\\nyu\\\\\\\\\\\00010\eng\u
=035  9\$a327904
=035  \\$a(OCoLC)05262071
=040  \\$cXIM$dm.c.$dIWA
=049  \\$aIWAA$d[$v=pt.]$v1-2
=090  \\$aPN1998.A3$bF5687x
=100  10$aGallagher, Tag.
=245  14$aThe movies of John Ford /$cThomas Augustus Gallagher.
=260  0\$c1978.
=300  \\$a680 leaves.
=500  \\$aThesis (Ph.D.)--Columbia University.
=500  \\$aPhotocopy. Ann Arbor, Mich. : University Microfilms International, 1983.-- 2 pt. 21 cm.
=504  \\$aBibliography: leaves 676-680.
=600  10$aFord, John,$d1894-1973
=999  \\$a327904

