=LDR  01008nam  2200289 i 4500
=001  000339591
=003  BIBL
=005  19980823022600.0
=008  780413s1976\\\\dcua\\\\\b\\\f00010\eng\d
=020  \\$bpbk.
=035  9\$a339591
=035  \\$a(OCoLC)03798066
=040  \\$aGPO$cGPO$dm.c.$dIWA
=049  \\$aIWAA
=090  \\$aTP594$bH32x, 1976
=100  10$aHagen, David LeRoy
=245  10$aMethanol :$bits synthesis, use as a fuel, economics, and hazards ... /$cby David LeRoy Hagen.
=260  0\$a[Washington] :$bEnergy Research and Development Administration ;$aSpringfield, Va. :$bfor sale by the National Technical Information Service,$c1976.
=300  \\$a179 p. in various pagings :$bill. ;$c27 cm.
=500  \\$aThesis (M.S.)--University of Minnesota.
=500  \\$aIssued Dec. 1976.
=504  \\$aBibliography: p. BI-1 - BIV-2.
=650  \0$aMethanol
=650  \0$aMethanol as fuel
=740  01$aMethanol, its synthesis, use as a fuel, economics, and hazards... .
=999  \\$a339591
=265  \\$a22161

