=LDR  00872nam  2200277   4500
=001  000350021
=003  BIBL
=005  20060721095800.0
=008  780706s1957\\\\xx\\\\\\\\\\\\00000\ger\c
=010  \\$aa 57006645
=035  9\$a350021
=035  \\$a(OCoLC)04026703
=040  \\$aHarvard Univ. Library$cIWA
=090  \\$aJA84.G3$bH62x
=100  1\$aHock, Wolfgang.
=245  10$aLiberales Denken im Zeitalter der Paulskirche; Droysen und die Frankfurter Mitte.
=260  \\$aMünster, Westfalen,$bAschendorff,$c1957.
=300  \\$a177 p.$c24 cm.
=440  \0$aNeue münstersche Beiträge zur Geschichtsforschung.$vBd. 2
=500  \\$aThesis--Münster.
=500  \\$aWithout thesis statement.
=504  \\$aBibliography: p. [171]-177.
=600  10$aDroysen, Johann Gustav,$d1808-1884.
=650  \0$aPolitical science$xHistory$zGermany.
=650  \0$aLiberalism
=999  \\$a350021

