=LDR  00852nam  2200253 i 4500
=001  000354983
=003  BIBL
=005  20030402143600.0
=008  760322n19701965iauab\\\\\\\\s00010\eng\d
=035  9\$a354983
=035  \\$a(OCoLC)02060960
=040  \\$aNGU$cNGU$dIWA
=049  \\$aIWAA
=090  \\$aNA7238.I6$bK521n
=100  10$aKeyes, Margaret N.,$d1918-
=245  10$aNineteenth century home architecture of Iowa City$c/ Margaret Naumann Keyes.
=260  0\$a[s.l.], 1965, c1966.
=300  \\$axi, 329 leaves :$bill. (part fold.), map ;$c23 cm.
=500  \\$aThesis--Florida State University.
=500  \\$aPhotocopy of typescript. Ann Arbor, Mich. : Xerox University Microfilms, 1967.
=504  \\$aBibliography: leaves [321]-329.
=650  \0$aArchitecture, Domestic$zIowa$zIowa City.
=650  \0$aHistoric buildings$zIowa$zIowa City.
=999  \\$a354983

