=LDR  01010nam  2200289   4500
=001  000367798
=003  BIBL
=005  20061103095400.0
=008  790906s1979\\\\iau\\\\\\\\\\\00000\eng\d
=035  9\$a367798
=035  \\$a(OCoLC)05345137
=040  \\$aIWA$cIWA
=049  \\$aIWAA$c1$aIWAF$c2$aIWAE$c3
=099  \\$aISU$a1979$aAb31
=100  20$aAbd-Ella, Mokhtar Mohamed.
=245  12$aA study of family farm effectiveness /$cby Mokhtar Mohamed Abd-Ella.
=260  0\$c1979.
=300  \\$a233 leaves :$bill. ;$c29 cm.
=530  \\$aAlso available online.
=500  \\$aTypescript (Photocopy).
=500  \\$aThesis--Iowa State University of Science and Technology.
=504  \\$aIncludes bibliography.
=650  \0$aSociology, Rural
=690  \\$aSociology and anthropology.
=856  41$uhttp://proxy.lib.iastate.edu/login?url=http://gateway.proquest.com/openurl?url_ver=Z39.88-2004&rft_val_fmt=info:ofi/fmt:kev:mtx:dissertation&res_dat=xri:pqdiss&rft_dat=xri:pqdiss:7924227
=999  \\$a367798
=902  \\$axyz

