=LDR  00812nam  2200265   4500
=001  000368420
=003  BIBL
=005  19980824194500.0
=008  790326s1979\\\\iau\\\\\\\\\\\00000\eng\d
=035  9\$a368420
=035  \\$a(OCoLC)04784679
=040  \\$aIWA$cIWA
=049  \\$aIWAA$c1$aIWAF$c2
=099  \\$aISU$a1979$aV491
=100  20$aVecchionacce-Rojas, Hiram.
=245  14$aThe effect of the porcine stress syndrome on performance and carcass characteristics of swine /$cby Hiram Vecchionacce-Rojas.
=260  0\$c1979.
=300  \\$a56 leaves :$bill. ;$c29 cm.
=500  \\$aTypescript (Photocopy).
=500  \\$aThesis (M.S.)--Iowa State University of Science and Technology.
=504  \\$aIncludes bibliography.
=690  \\$aAnimal science.
=690  \\$aAnimal production.
=999  \\$a368420
=902  \\$axyz

