=LDR  00894nam  2200277   4500
=001  000368761
=003  BIBL
=005  19980824195400.0
=008  730205s1954\\\\|||\\\\\\\\\\\0|||||eng|u
=010  \\$a56003638
=035  9\$a368761
=035  \\$a(OCoLC)00551972
=040  \\$cKSU$dIWA
=049  \\$aIWAA
=050  0\$aSD409$b.J4
=090  \\$aS589$bJ453s
=100  10$aJensen, Martin,$eengineer.
=245  10$aShelter effect;$binvestigations into the aerodynamics of shelter and its effects on climate and crops.$c[Translation into English by P. Prom]
=260  0\$aCopenhagen,$bDanish Technical Press,$c1954.
=300  \\$a264 p.$billus.$c24 cm.
=500  \\$aThesis - Danmarks tekniske højskole, Copenhagen.
=500  \\$aSummaries in English and Danish.
=504  \\$aBibliography: p. [248]-254.
=650  \0$aWindbreaks, shelterbelts, etc.
=650  \0$aAgricultural physics
=999  \\$a368761

