=LDR  01016nam  2200289   4500
=001  000369182
=003  BIBL
=005  19980824200500.0
=008  711216s1946\\\\ilua\\\\\b\\\\00010\eng\\
=010  \\$aa 46005912
=035  9\$a369182
=035  \\$a(OCoLC)00183692
=040  \\$aDLC$cWSU$dSER$dIWA
=049  \\$aIWAA
=050  0\$aLB1573$b.R562w
=082  \\$a158.84
=100  00$aRobinson, Helen Mansfield,$d1906-
=245  10$aWhy pupils fail in reading,$bby Helen Mansfield Robinson ...
=260  0\$aChicago, Ill.,$bThe University of Chicago Press$c[1946]
=300  \\$axiii, 257 p.$btables (1 fold.) diagrs.$c24 cm.
=500  \\$aAt head of title: A study of causes and remedial treatment.
=500  \\$aIssued also as thesis (Ph. D.) (University of Chicago.)
=500  \\$aThesis originally issued under title: An investigation into the causes of severe reading retardation.
=504  \\$aBibliography: p. [239]-249.
=650  \0$aReading, Psychology of
=650  \0$aReading$xRemedial teaching
=999  \\$a369182

