=LDR  00755nam  2200241 a 4500
=001  000373507
=003  BIBL
=005  19980824223800.0
=008  870817s1910\\\\fr\a\\\\\b\\\\00010\fre\d
=035  9\$a373507
=035  \\$a(OCoLC)16502430
=040  \\$aIWA$cIWA
=049  \\$aIWAA
=090  \\$aQL573$bP69x, 1910
=100  10$aPoyarkoff, Éraste.
=245  10$aRecherches histologiques sur la métamorphose d'un coléoptère (la galéruque de l'orme) /$cpar Éraste Poyarkoff.
=260  0\$a[Paris] :$bMasson,$c1910.
=300  \\$a150 p. :$bill. ;$c26 cm.
=500  \\$a"2e thèse. -- Propositions nonnées par la faculté."
=500  \\$aThesis (Ph.D.)--Université de Paris, 1910.
=504  \\$aBibliography: p. [148]-150.
=650  \0$aBeetles
=999  \\$a373507

