=LDR  00777nam  22002535i 4500
=001  000375646
=003  BIBL
=005  19980825000800.0
=008  791212s1979\\\\xx\\\\\\\\\\\\00010\eng\d
=035  9\$a375646
=035  \\$a(OCoLC)05789321
=040  \\$aIWA$cIWA
=049  \\$aIWAA$c1$aIWAF$c2
=099  \\$aISU$a1979$aK169
=100  10$aKauye, Anne Fidelis Robert.
=245  10$aNutrition concepts held by youth enrolled in the Iowa Expanded Nutrition Program /$cby Anne Fiedelis Robert Kauye.
=260  0\$c1979.
=300  \\$a87 leaves :$bill. ;$c29 cm.
=500  \\$aTypescript (Photocopy).
=500  \\$aThesis (M.S.)--Iowa State University of Science and Technology.
=504  \\$aIncludes bibliography.
=690  \\$aHome economics education.
=999  \\$a375646
=902  \\$axyz

