=LDR  00835nam  2200277   4500
=001  000375708
=003  BIBL
=005  19980825001100.0
=008  750513s1951\\\\nyu\\\\\\\\\\\00000\eng\u
=010  \\$a51010599 //r
=035  9\$a375708
=035  \\$a(OCoLC)01330861
=040  \\$cFHM$dm.c.$dOCL$dIWA
=049  \\$aIWAA
=050  0\$aLA215$b.C862a
=082  \\$a379.73
=100  10$aCremin, Lawrence Arthur,$d1925-
=245  14$aThe American common school,$ban historic conception.
=260  0\$aNew York,$bBureau of Publications, Teachers College, Columbia University,$c1951.
=300  \\$axi, 248 p.$c24 cm.
=440  \0$aTeachers College studies in education
=500  \\$aThesis - Columbia University.
=504  \\$aBibliography: p. 222-241.
=650  \0$aPublic schools$zUnited States$xHistory.
=999  \\$a375708
=019  \\$a1330837

