=LDR  00695nam  2200253   4500
=001  000376135
=003  BIBL
=005  19980825002800.0
=008  790912s1979\\\\iau\\\\\\\\\\\00000\eng\d
=035  9\$a376135
=035  \\$a(OCoLC)05365433
=040  \\$aIWA$cIWA
=049  \\$aIWAA$c1$aIWAF$c2
=099  \\$aISU$a1979$aEr44
=100  00$aErickson, Dale Merlin.
=245  10$aElectrical resistance in an electrofluid reactor.
=260  0\$c1979.
=300  \\$a84 .$billus.$c29 cm.
=500  \\$aTypescript (Photocopy).
=500  \\$aThesis (M.S.)--Iowa State University of Science and Technology.
=504  \\$aIncludes bibliography.
=650  \0$aChemical engineering
=999  \\$a376135
=902  \\$axyz

