=LDR  00991nam  2200289   4500
=001  000376137
=003  BIBL
=005  20061103111800.0
=008  791017s1979\\\\iau\\\\\\\\\\\00000\eng\d
=035  9\$a376137
=035  \\$a(OCoLC)05535099
=040  \\$aIWA$cIWA
=049  \\$aIWAA$c1$aIWAF$c2$aIWAE$c3
=099  \\$aISU$a1979$aOL8
=100  1\$aOlson, Kent D.
=245  14$aThe resource structure of United States agriculture: an economic analysis.
=260  0\$c1979.
=300  \\$a279 .$billus.$c29 cm.
=530  \\$aAlso available online.
=500  \\$aTypescript (Photocopy).
=500  \\$aThesis--Iowa State University of Science and Technology.
=504  \\$aIncludes bibliography.
=650  \0$aAgriculture$xEconomic aspects
=690  \\$aEconomics
=856  41$uhttp://proxy.lib.iastate.edu/login?url=http://gateway.proquest.com/openurl?url_ver=Z39.88-2004&rft_val_fmt=info:ofi/fmt:kev:mtx:dissertation&res_dat=xri:pqdiss&rft_dat=xri:pqdiss:8010252
=999  \\$a376137
=902  \\$axyz

