=LDR  00994cam  2200289   4500
=001  000376139
=003  BIBL
=005  20061128155100.0
=008  790627s1979\\\\iau\\\\\\\\\\\00000\eng\d
=035  9\$a376139
=035  \\$a(OCoLC)05113138
=040  \\$aIWA$cIWA
=049  \\$aIWAA$c1$aIWAF$c2
=099  \\$aISU$a1979$aSL16
=100  00$aSlaughter, Michael Dwayne,$d1950-
=245  14$aThe methanation reaction on ruthenium thin films: A mechanistic investigation.
=260  0\$c1979.
=300  \\$a181 .$billus.$c29 cm.
=530  \\$aAlso available online.
=500  \\$aTypescript (Photocopy)
=500  \\$aThesis--Iowa State University of Science and Technology.
=504  \\$aIncludes bibliography.
=690  \\$aChemistry
=690  \4$aPhysical chemistry
=856  41$uhttp://proxy.lib.iastate.edu/login?url=http://gateway.proquest.com/openurl?url_ver=Z39.88-2004&rft_val_fmt=info:ofi/fmt:kev:mtx:dissertation&res_dat=xri:pqdiss&rft_dat=xri:pqdiss:7924272
=999  \\$a376139
=902  \\$axyz

