=LDR  00803nam  2200265   4500
=001  000376143
=003  BIBL
=005  19980825002900.0
=008  791008s1979\\\\iau\\\\\\\\\\\00000\eng\d
=035  9\$a376143
=035  \\$a(OCoLC)05503285
=040  \\$aIWA$cIWA
=049  \\$aIWAA$c1$aIWAF$c2
=099  \\$aISU$a1979 K124
=100  10$aKajonvorawatanakul, Siriwoot.
=245  10$aMinimizing stress concentrations around a circular hole in uniaxially and uniformly loaded plates.
=260  0\$c1979.
=300  \\$a64 .$billus.$c29 cm.
=500  \\$aTypescript (Photocopy).
=500  \\$aThesis (M.S.)--Iowa State University of Science and Technology.
=504  \\$aIncludes bibliography.
=690  \\$aEngineering science and mechanics.
=690  \\$aEngineering mechanics.
=999  \\$a376143
=902  \\$axyz

