=LDR  00750nam  2200241 i 4500
=001  000376245
=003  BIBL
=005  19980825003200.0
=008  780531s1978\\\\iaua\\\\\\\\\\00000\eng\d
=035  9\$a376245
=035  \\$a(OCoLC)03941217
=040  \\$aIWA$cIWA
=049  \\$aIWAA$c1$aIWAD$c2
=099  \\$aISU$a1978$aSn321
=100  10$aSnider, Gary Lee.
=245  12$aA married student housing development : redevelopment of East Pammel Court Married Student Housing, Iowa State University.
=260  0\$aAmes, Iowa :$b[s.n.],$c1978.
=300  \\$a199 leaves :$bill. ;$c29 cm.
=500  \\$aThesis (M.Arch.)--Iowa State University of Science and Technology.
=504  \\$aIncludes bibliography.
=690  \\$aArchitecture
=999  \\$a376245
=902  \\$axyz

