=LDR  00807nam  2200265 i 4500
=001  000376391
=003  BIBL
=005  19980825003800.0
=008  780209s1977\\\\iaua\\\\\\\\\\00000\eng\d
=035  9\$a376391
=035  \\$a(OCoLC)03621965
=040  \\$aIWA$cIWA
=049  \\$aIWAA
=099  \\$aISU$a1977$aD74
=100  10$ado Valle, Cacilda Borges.
=245  12$aA study of variation in botanical composition of newly-established perennial pastures /$cCacilda Borges Do Valle.
=260  0\$c1977.
=300  \\$aii, 83 leaves :$bill. (some col.) ;$c29 cm.
=500  \\$aTypescript (Photocopy)
=500  \\$aThesis (M.S.)--Iowa State University of Science and Technology.
=504  \\$aIncludes bibliography.
=690  \\$aAgronomy
=690  \\$aCrop production and physiology.
=999  \\$a376391
=902  \\$axyz

