=LDR  01617nam  2200325   4500
=001  000379602
=003  BIBL
=005  19980825025300.0
=008  760608s1940\\\\nyua\\\\\\\\\\00100\eng\\
=010  \\$a41003593
=035  9\$a379602
=035  \\$a(OCoLC)02217688
=040  \\$aDLC$cAKC$dm.c.$dIWA
=049  \\$aIWAA
=050  0\$aHD5708$b.K6 1940
=090  \\$aHQ535$b.K835u
=100  00$aKomarovsky, Mirra,$d1906-
=245  04$aThe unemployed man and his family$b--the effect of unemployment upon the status of the man in fifty-nine families.
=260  0\$aNew York,$bThe Dryden press, inc., for the Institute of social research$c[c1940]
=300  \\$axii, 163 p.$bincl. tables.$c24 cm.
=500  \\$aAt head of title: By Mirra Komarovsky ... with an introduction by Paul Felix Lazarfeld.
=500  \\$aThesis (Ph.D.)--Columbia university, 1940.
=500  \\$aWithout thesis note.
=500  \\$a"A publication of the Institute of social research."
=500  \\$a"In 1931 the International institute of social research undertook studies of the family in contemporary society. The firsts results were published in 1936, a voluminous symposiun on Authority and the family (Librairie Félix Alcan, Paris, 1936). Dr. Komarovsky's book represents a continuation of the earlier studies ... It reports on an investigation undertaken by the Institute in the winter of 1935-1936, after its transfer to New York."--Pref.
=504  \\$a"Selected bibliography": p. 163.
=650  \0$aUnemployed$zUnited States.
=650  \0$aFamilies.
=710  20$aInstitut für Sozialforschung (Frankfurt am Main, Germany)
=999  \\$a379602

