=LDR  00746nam  2200253   4500
=001  000379667
=003  BIBL
=005  19980825025500.0
=008  770112s1946\\\\nyu\\\\\\b\\\\00000\eng\\
=010  \\$aa 47000013
=035  9\$a379667
=035  \\$a(OCoLC)02674965
=040  \\$aDLC$cCSU$dm.c.$dIWA
=049  \\$aIWAA
=050  0\$aPS1583$b.R3 1946
=100  10$aRandel, William Peirce,$d1909-
=245  10$aEdward Eggleston,$bauthor of The Hoosier school-master.
=260  0\$aNew York,$bKing's Crown Press,$c1946.
=300  \\$axi, 319 p.$c21 cm.
=500  \\$aThesis (PH.D.) Columbia University, 1945.
=500  \\$aPublished without thesis note.
=504  \\$aBibliography: p. [263]-313.
=600  10$aEggleston, Edward,$d1837-1902.
=999  \\$a379667

