=LDR  00832nam  2200277   4500
=001  000379671
=003  BIBL
=005  19980825025500.0
=008  740312s1951\\\\mau\\\\\\b\\\\00000\eng\u
=010  \\$a51009713
=035  9\$a379671
=035  \\$a(OCoLC)00826703
=040  \\$cRIU$dm.c.$dOCL$dIWA
=049  \\$aIWAA
=050  \\$aPS1642.A3$bH6
=082  \\$a701.17
=100  10$aHopkins, Vivian Constance,$d1909-
=245  10$aSpires of form;$ba study of Emerson's aesthetic theory.
=260  0\$aCambridge,$bHarvard University Press,$c1951.
=300  \\$ax, 276 p.$c22 cm.
=500  \\$aThesis--University of Michigan.
=500  \\$aWithout thesis statement.
=500  \\$aWith author's autograph.
=504  \\$aBibliography: p. [252]-256.
=600  10$aEmerson, Ralph Waldo,$d1803-1882$xCriticism and interpretation.
=999  \\$a379671

