=LDR  00819nam  22002655i 4500
=001  000381097
=003  BIBL
=005  19980825035300.0
=008  791205s1979\\\\xx\\\\\\\\\\\\00010\eng\d
=035  9\$a381097
=035  \\$a(OCoLC)05764838
=040  \\$aIWA$cIWA
=049  \\$aIWAA$c1$aIWAF$c2
=099  \\$aISU$a1979$aH535
=100  00$aHiggins, Mary Louise Meck.
=245  10$aEffect of variations in dietary fat unsaturation on lipid constituents of selected tissues in young rats /$cby Mary Louise Meck Higgins.
=260  0\$c1979.
=300  \\$a162 leaves :$bill. ;$c29 cm.
=500  \\$aTypescript (Photocopy).
=500  \\$aThesis (M.S.)--Iowa State University of Science and Technology.
=504  \\$aIncludes bibliography.
=690  \\$aFood and nutrition.
=690  \\$aNutrition
=999  \\$a381097
=902  \\$axyz

