=LDR  01210nam  2200301 i 4500
=001  000384998
=003  BIBL
=005  20061011114400.0
=008  780126s1977\\\\iaua\\\\\\\\\\00000\eng\d
=035  9\$a384998
=035  \\$a(OCoLC)03583866
=040  \\$aIWA$cIWA
=049  \\$aIWAA
=099  \\$aISU$a1977$aW334
=100  10$aWatson, Karilee.
=245  13$aAn analysis of selected variables of organizational structure and their relationship to the rate of adoption of school reorganization in Iowa school districts from 1956-1962 /$cKarilee Freeberg Watson.
=260  0\$aAmes, Iowa :$b[s.n.],$c1977.
=300  \\$a87 leaves :$bill. ;$c29 cm.
=530  \\$aAlso available online.
=500  \\$aThesis--Iowa State University of Science and Technology.
=500  \\$aTypescript (Photocopy)
=504  \\$aIncludes bibliography.
=690  \\$aProfessional studies.
=690  \\$aEducation (Curriculum and instructional media).
=690  \\$aCurriculum and instructional media.
=856  41$uhttp://proxy.lib.iastate.edu/login?url=http://gateway.proquest.com/openurl?url_ver=Z39.88-2004&rft_val_fmt=info:ofi/fmt:kev:mtx:dissertation&res_dat=xri:pqdiss&rft_dat=xri:pqdiss:7805976
=999  \\$a384998
=902  \\$axyz

