=LDR  01009nam  2200277   4500
=001  000400016
=003  BIBL
=005  20061103112700.0
=008  790627s1979\\\\iau\\\\\\\\\\\00000\eng\d
=035  9\$a400016
=035  \\$a(OCoLC)05113127
=040  \\$aIWA$cIWA
=049  \\$aIWAA$c1$aIWAF$c2
=099  \\$aISU$a1979$aF966
=100  10$aFuqua, Robert W.,$d1942-
=245  14$aThe assessment of perceptual-motor skills of preschool-age children using norm-referenced and criterion-referenced test characteristics.
=260  0\$c1979.
=300  \\$a187 .$billus.$c29 cm.
=530  \\$aAlso available online.
=500  \\$aTypescript (Photocopy)
=500  \\$aThesis--Iowa State University of Science and Technology.
=504  \\$aIncludes bibliography.
=690  \\$aPsychology
=856  41$uhttp://proxy.lib.iastate.edu/login?url=http://gateway.proquest.com/openurl?url_ver=Z39.88-2004&rft_val_fmt=info:ofi/fmt:kev:mtx:dissertation&res_dat=xri:pqdiss&rft_dat=xri:pqdiss:7916195
=999  \\$a400016
=902  \\$axyz

