=LDR  00910nam  2200289   4500
=001  000400378
=003  BIBL
=005  19980824090400.0
=008  760413s1931\\\\xx\\\\\\\\\\\\00000\eng\\
=010  \\$a31020899
=035  9\$a400378
=035  \\$a(OCoLC)02109282
=040  \\$aDLC$cTOL$dIWA
=049  \\$aIWAA
=082  \\$a371.1
=090  \\$aLB1767$bK897p
=100  00$aKriner, Harry Luther.
=245  10$aPre-training factors predictive of teacher success,$cby Harry Luther Kriner.
=260  0\$aState College,$bSchool of education, Pennsylvania state college,$c1931.
=300  \\$a91 p.$bincl. illus. (map) diagr., forms.$c22 cm.
=440  \0$aPenn state studies in education,$vno. 1
=500  \\$aThesis (ED. D.) - Pennsylvania state college, 1931.
=504  \\$aBibliography: p. 88-91.
=650  \0$aTeachers$xRating of
=650  \0$aTeaching
=650  \0$aCharacters and characteristics.
=999  \\$a400378

