=LDR  00746nam  2200253   4500
=001  000402413
=003  BIBL
=005  19980824103200.0
=008  750409|1946||||xx\\\\\\\\\\\\00010\eng\u
=010  \\$a47000944
=035  9\$a402413
=035  \\$a(OCoLC)01263329
=040  \\$cPHA$dIWA
=049  \\$aIWAA
=050  1\$aD558$b.P369a
=082  \\$a940.4385
=100  10$aPelzel, Sophia Rogoski,$d1914-
=245  10$aAmerican intervention in Siberia, 1918-1920...$c[by] Sophia Rogoski Pelzel.
=260  0\$aPhiladelphia,$c1946.
=300  \\$aiv p. 1 l., 3-98 p.$c24 cm.
=500  \\$aThesis (PH.D.)--University of Pennsylvania, 1943.
=504  \\$aBibliography: p. 93-98.
=651  \0$aSoviet Union$xHistory$yAllied intervention, 1918-1920
=999  \\$a402413

