=LDR  01138nam  2200277   4500
=001  000409299
=003  BIBL
=005  19980824152900.0
=008  760330s1925\\\\enk\\\\\\b\\\\00010\engm\
=010  \\$a25018261
=035  9\$a409299
=035  \\$a(OCoLC)02078934
=040  \\$aDLC$cCIN$dCIN$dm.c.$dIWA
=041  1\$aengger
=049  \\$aIWAA
=050  \\$aBP134.S6$bR543s
=100  10$aRoberts, Robert,$d1868-
=245  14$aThe social laws of the Qorân,$bconsidered, and compared with those of the Hebrew and other ancient codes,$cby Robert Robert.
=260  0\$aLondon,$bWilliams and Norgate, ltd.,$c1925.
=300  \\$ax, 126 p.$c23 cm.
=500  \\$aThesis originally written in German, under title "Das familienrecht im Qorân", and presented to the University of Leipzig for the degree of doctor of philosophy in 1907. Subsequently a section of the work was published in a series of Semitic studies (Leipziger semitistische studien, II, 6) under title Das familien-, sklaven-, und erbrecht im Qorân. cf. Pref.
=504  \\$a"Literature": p. 125-126.
=630  00$aKoran
=650  \0$aMuslims
=650  \0$aIslamic law
=999  \\$a409299

