=LDR  00920nam  2200289 a 4500
=001  000409976
=003  BIBL
=005  19980824160200.0
=008  740913s1973\\\\sp\\\\\\\b\\\\000\0\spa\d
=010  \\$a73351833
=020  \\$a8460056597
=035  9\$a409976
=035  \\$a(OCoLC)01006466
=040  \\$aOSU$cOSU$dm.c.$dOCL$dPIT$dIWA
=049  \\$aIWAA
=050  \\$aPQ6317.R4$bM3 1973
=100  20$aMarcos Villanueva, Balbino.
=245  13$aLa ascética de los jesuitas en los autos sacramentales de Calderón /$cBalbino Marcos Villarnueva, S.J.
=260  \\$a[Bilbao] :$bUniversidad de Deusto,$c1973.
=300  \\$a311 p. ;$c23 cm.
=440  \0$aPublicaciones de la Universidad de Deusto.$pFilosofía y letras.$vv. 2
=500  \\$aThesis - Madrid, 1972.
=504  \\$aBibliography: p. 297-305.
=600  20$aCalderón de la Barca, Pedro,$d1600-1681
=610  20$aJesuits
=650  \0$aAsceticism$xHistory
=999  \\$a409976

