=LDR  00925nam  2200265   4500
=001  000421859
=003  BIBL
=005  19980825010200.0
=008  750801r19691924xx\\\\\\\\\\\\000\0\eng\d
=035  9\$a421859
=035  \\$a(OCoLC)01496533
=040  \\$aRIU$cRIU$dSBM$dIWA
=049  \\$aIWAA
=090  \\$aPR2065.W5$b1969x
=130  40$aThe wedding of Sir Gawain and Dame Ragnell.
=245  14$aThe weddynge of Sir Gawen and Dame Ragnell,$cedited with a study of the date and dialect of the poem and its English analogues by Laura Sumner.
=260  \\$aFolcroft, Pa.,$bFolcroft Press$c[1969]
=300  \\$a4 p. l., vii-xxix, 39 p.$bdiagr.$c23 cm.
=490  0\$aSmith college studies in modern languages. vol. 4, no. 4; July, 1924
=500  \\$aReprint of 1924 ed.
=500  \\$aThesis (M.A.)--Smith college, 1924.
=504  \\$aBibliography:p. xxviii-xxix.
=700  10$aSumner, Laura,$eed.
=999  \\$a421859
=019  \\$a01610584

