=LDR  00749nam  2200253   4500
=001  000422045
=003  BIBL
=005  19980825011000.0
=008  771025s1973\\\\sp\\\\\\\\\\\\000\0\spa\\
=010  \\$a74306258
=020  \\$a847071273X
=035  9\$a422045
=035  \\$a(OCoLC)03366938
=040  \\$aDLC$cTXJ$dIWA
=049  \\$aIWAA
=050  0\$aPQ7430$b.P4
=100  20$aPedrosa Izarra, Ciriaco.
=245  10$aReligión y religiones en los poetas.$b"La lírica religiosa en la literatura puertorriqueña de siglo XX."
=260  \\$aMadrid,$bFax$c1973
=300  \\$a270 p.,$bplates.$c21 cm.
=500  \\$aThesis-Madrid, 1970.
=504  \\$aBibliography: p. [251]-267.
=650  \0$aReligious poetry, Puerto Rican$xHistory and criticism.
=999  \\$a422045

