=LDR  01018nam  2200337   4500
=001  000422442
=003  BIBL
=005  19980825012900.0
=008  860528s1966\\\\nyua\\\\\b\\\\00010\eng\\
=010  \\$a74181914 //r86
=035  9\$a422442
=035  \\$a(OCoLC)00234188
=040  \\$aDLC$cDLC$dm.c.$dIWA
=043  \\$an-mx---
=049  \\$aIWAA
=050  0\$aF1230$b.B79
=100  10$aBraden, Charles Samuel,$d1887-
=245  10$aReligious aspects of the conquest of Mexico,$cby Charles S. Braden.
=260  0\$aNew York,$bAMS Press,$c1966.
=300  \\$axv, 344 p.$billus.$c24 cm.
=490  0\$aDuke university publications
=500  \\$aThesis (PH.D.)--University of Chicago, 1926.
=504  \\$aBibliography: p. 329-338.
=600  10$aCortés, Hernán,$d1485-1547
=610  20$aCatholic Church Mexico.
=650  \0$aIndians of Mexico$xMissions
=650  \0$aIndian mythology$zMexico
=651  \0$aMexico$xHistory$yConquest, 1519-1540
=651  \0$aMexico$xChurch history
=999  \\$a422442
=019  \\$a5216968

