=LDR  00803nam  2200265   4500
=001  000426320
=003  BIBL
=005  19980825042700.0
=008  751202s1963\\\\gw\\\\\\\\\\\\00000\eng\d
=035  9\$a426320
=035  \\$a(OCoLC)01870007
=040  \\$aRPB$cTNH$dIWA
=049  \\$aIWAA
=090  \\$aGT510$bB74x
=100  00$aBrenninkmeyer, Ingrid.
=245  14$aThe sociology of fashion.
=260  0\$aParis,$bSirey;$aKoln-Opladen,$bWestdeutscher Verlag,$c1963.
=300  \\$avii, 182 p.$c24 cm.
=490  0\$aInternationale Schriftenreihe für soziale and politsche Wissenschaften. Sozialökonomische und sozialpolitische Reihe, Bd. 4
=500  \\$aIssued also in German.
=500  \\$aThesis - Fribourg.
=504  \\$aBibliography: 179-182.
=650  \0$aFashion
=999  \\$a426320
=092  \\$a391$bB838s

