=LDR  01075nam  2200325   4500
=001  000433590
=003  BIBL
=005  19980825092900.0
=008  770105s1939\\\\ncu\\\\\\\\\\\00010\eng\\
=010  \\$a39011443
=035  9\$a433590
=035  \\$a(OCoLC)02660873
=040  \\$aDLC$cEXG$dm.c.$dIWA
=049  \\$aIWAA
=050  0\$aPS169.S5$bH4 1935
=082  \\$a810.9
=090  \\$aHT153$b.H436s
=100  10$aHerron, Ima Honaker,$d1899-
=245  14$aThe small town in American literature,$cby Ima Honaker Herron.
=260  0\$aDurhan, N. C.$bDuke university press,$c1939.
=300  \\$axvii, 477 p.$c24 cm.
=490  0\$aDuke university publications
=500  \\$aThesis (PH.D)--Duke university, l935.
=500  \\$aWithout thesis note.
=500  \\$a"A Duke university centennial publication."
=504  \\$a"Check-list for the town in early literature": p. [433]-434. "Selected bibliography": p. [439]-468.
=650  \0$aAmerican literature$xHistory and criticism
=650  \0$aCities and towns$zUnited States.
=650  \0$aVillages$zUnited States.
=999  \\$a433590

