=LDR  00967cam  2200289 a 4500
=001  000438778
=003  BIBL
=005  19990118083800.0
=008  900917s1989\\\\sw\a\\\\\b\\\\000\0\eng\d
=020  \\$a917258291X
=035  9\$a438778
=035  \\$a(OCoLC)22391950
=040  \\$aIPL$cIPL$dIWA
=049  \\$aIWAA$bPARKS
=090  \\$aQA280$bE35x, 1989
=100  00$aEdlund, Per-Olov.
=245  10$aPreliminary estimation of transfer function weights :$ba two-step regression approach /$cPer-Olov Edlund.
=260  \\$aStockholm :$bStockholm School of Economics, Economic Research Institute,$c[1989]
=300  \\$a162 p. :$bill. ;$c25 cm.
=500  \\$aThesis statement in Swedish inserted.
=502  \\$aThesis (doctoral)--Stockholm School of Economics, 1989.
=504  \\$aIncludes bibliographical references.
=650  \0$aRegression analysis
=650  \0$aTransfer functions
=650  \0$aTime-series analysis
=999  \\$a438778
=092  \\$a330.01519536$bEd53p, 1989

