=LDR  00895nam  2200265 i 4500
=001  000451506
=003  BIBL
=005  20061013154600.0
=008  780619s1978\\\\iaua\\\\\\\\\\00000\eng\d
=035  9\$a451506
=035  \\$a(OCoLC)03985521
=040  \\$aIWA$cIWA
=049  \\$aIWAA$c1
=099  \\$aISU$a1978$aB3881
=100  10$aBeck, Marvin S.
=245  10$aDispersed barrier hardening in irradiated metals.
=260  0\$aAmes, Iowa :$b[s.n.],$c1978.
=300  \\$a92 leaves :$bill. ;$c29 cm.
=530  \\$aAlso available online.
=500  \\$aThesis--Iowa State University of Science and Technology.
=504  \\$aIncludes bibliography.
=690  \\$aMetallurgy
=856  41$uhttp://proxy.lib.iastate.edu/login?url=http://gateway.proquest.com/openurl?url_ver=Z39.88-2004&rft_val_fmt=info:ofi/fmt:kev:mtx:dissertation&res_dat=xri:pqdiss&rft_dat=xri:pqdiss:7900169
=999  \\$a451506
=902  \\$axyz

