=LDR  00895nam  2200265   4500
=001  000453520
=003  BIBL
=005  19980824122500.0
=008  790831s1963\\\\cau\\\\\ab\\\\00000aeng\d
=035  9\$a453520
=035  \\$a(OCoLC)05332622
=040  \\$aCLU$cCLU$dCLU$dIWA
=049  \\$aIWAJ
=090  \\$aLD791.8.T3$bB394 1963a
=090  \\$aPN1995.9.P7$bB4x film
=100  00$aBeger, Otto Richard.
=245  10$aBasic types of motion picture direction technique.
=260  0\$aLos Angeles,$bUniversity of California,$c1963.
=300  \\$a180 p.$c16 cm.
=490  0\$aUniversity Archives. Thesis, no. 2992
=500  \\$aThesis (M.A.) - University of California at Los Angeles.
=504  \\$aBibliography: p. 172-180.
=533  \\$aMicrofilm of typescript.$bLos Angeles, Photographic Dept., UCLA Library,$d1970.$e1 reel. 35 mm.
=650  \0$aMotion pictures$xProduction and direction
=999  \\$a453520

