=LDR  00720nam  2200241 i 4500
=001  000458581
=003  BIBL
=005  20040625120800.0
=008  770602s1968\\\\maua\\\\\b\\\\00010\eng\d
=035  9\$a458581
=035  \\$a(OCoLC)03010586
=040  \\$aGZM$cGZM$dIWA
=049  \\$aIWAA
=090  \\$aQK495.G74$bT3x
=100  10$aTantravahi, Ramana V.
=245  10$aCytology and crossability relationships of Tripsacum /$cby Ramana V. Tantravahi.
=260  0\$a[Cambridge, Mass.] :$bBussey Institution of Harvard University,$c1968.
=300  \\$a123 p. :$bill. ;$c28 cm.
=500  \\$aThesis - Harvard University.
=504  \\$aBibliography : p. 114-123.
=650  \0$aTripsacum
=710  20$aBussey Institution.
=999  \\$a458581

