=LDR  00841nam  2200253   4500
=001  000461081
=003  BIBL
=005  19980824175900.0
=008  820304r19701967cau\\\\\ab\\\\00000\eng\d
=035  9\$a461081
=035  \\$a(OCoLC)08213879
=040  \\$aIWA$cIWA
=049  \\$aIWAJ
=090  \\$aPN1993.5.G3$bM9x film
=100  00$aMyrick, Howard Anthony.
=245  14$aThe Reichsfilmkammer;$ba study of film propaganda management in Nazi Germany.
=260  1\$c1967.
=300  \\$a117 l.
=500  \\$aThesis (M.A.)--University of Southern California.
=504  \\$aBibliography: l. 113-117.
=533  \\$aMicrofilm of typescript.$bLos Angeles,$cPhotoduplication Service, University of Southern California Library,$d1970.$e1 reel. 35 mm.
=650  \0$aMotion pictures in propaganda
=650  \0$aMotion pictures$zGermany$xHistory.
=999  \\$a461081

