=LDR  01031cam  2200289   4500
=001  000462659
=003  BIBL
=005  20061130104900.0
=008  791017s1979\\\\iau\\\\\\\\\\\00000\eng\d
=035  9\$a462659
=035  \\$a(OCoLC)05535086
=040  \\$aIWA$cIWA
=049  \\$aIWAA$c1$aIWAF$c2
=099  \\$aISU$a1979$aH861
=100  00$aHuang, Lung-Rui,$d1943-
=245  10$aUse of adjoint space models for predicting the response of a neutron detector to core parametric fluctuations.
=260  0\$c1979.
=300  \\$a168 .$billus.$c29 cm.
=530  \\$aAlso available online.
=500  \\$aTypescript (Photocopy).
=500  \\$aThesis--Iowa State University of Science and Technology.
=504  \\$aIncludes bibliography.
=690  \\$aNuclear engineering
=690  \4$aElectrical engineering
=856  41$uhttp://proxy.lib.iastate.edu/login?url=http://gateway.proquest.com/openurl?url_ver=Z39.88-2004&rft_val_fmt=info:ofi/fmt:kev:mtx:dissertation&res_dat=xri:pqdiss&rft_dat=xri:pqdiss:8010233
=999  \\$a462659
=902  \\$axyz

