=LDR  00964cam  2200277   4500
=001  000462660
=003  BIBL
=005  20061130104600.0
=008  791017s1979\\\\iau\\\\\\\\\\\00000\eng\d
=035  9\$a462660
=035  \\$a(OCoLC)05535083
=040  \\$aIWA$cIWA
=049  \\$aIWAA$c1$aIWAF$c2
=099  \\$aISU$a1979$aD2875
=100  10$aDavies, John Severy.
=245  14$aThe microwave dielectric properties of chalcogenide glasses,$cJohn S. Davies, Jr.
=260  0\$c1979.
=300  \\$a130 .$billus.$c29 cm.
=530  \\$aAlso available online.
=500  \\$aTypescript (Photocopy).
=500  \\$aThesis--Iowa State University of Science and Technology.
=504  \\$aIncludes bibliography.
=690  \4$aElectrical engineering
=856  41$uhttp://proxy.lib.iastate.edu/login?url=http://gateway.proquest.com/openurl?url_ver=Z39.88-2004&rft_val_fmt=info:ofi/fmt:kev:mtx:dissertation&res_dat=xri:pqdiss&rft_dat=xri:pqdiss:8010225
=999  \\$a462660
=902  \\$axyz

