=LDR  00854nam  2200277   4500
=001  000463376
=003  BIBL
=005  19980824194100.0
=008  750325s1951\\\\nyu\\\\\\\\\\\00000\engm\
=010  \\$a51011718
=035  9\$a463376
=035  \\$a(OCoLC)01234820
=040  \\$aDLC$cORL$dTJC$dIWA
=049  \\$aIWAA
=050  0\$aPS374.P8$bD36s
=082  \\$a813.09
=100  10$aDeegan, Dorothy (Yost)
=245  14$aThe stereotype of the single woman in American novels;$ba social study with implications for the education of women.
=260  0\$aNew York,$bKings ̓Crown Press$c1951.
=300  \\$axvi, 252 p.$c23 cm.
=500  \\$aThesis--Columbia University.
=500  \\$aWithout thesis statement.
=504  \\$aBibliography : p. [235]-242.
=650  \0$aAmerican fiction$xHistory and criticism.
=650  \0$aSingle women in literature
=999  \\$a463376

