=LDR  00859nam  2200253 i 4500
=001  000474654
=003  BIBL
=005  19980825041500.0
=008  770316s1930\\\\nhu\\\\\\\\\\\00010\eng\\
=010  \\$a30007023
=035  9\$a474654
=035  \\$a(OCoLC)02808940
=040  \\$aDLC$cWHE$dm.c.$dIWA
=049  \\$aIWAA
=050  \\$aPS3281$b.P7
=100  10$aPray, Frances Mary.
=245  00$aStudy of Whittier's apprenticeship as a poet :$bdealing with poems written between 1825 and 1835 not available in the poet's collected works /$cby Frances Mary Pray.
=260  0\$a[Bristol, N. H. :$bMusgrove,$c1930]
=300  \\$a268 p. ;$c24 cm.
=500  \\$aThesis (Ph.D.)--Pennsylvania State College.
=500  \\$a"A group of selections": p. [111]-243.
=504  \\$aBibliography: p. [245]-254, 261-262.
=600  10$aWhittier, John Greenleaf,$d1807-1892
=999  \\$a474654

