=LDR  01096nam  22003011  4500
=001  000476312
=003  BIBL
=005  19980825053100.0
=008  710222r19681911nyu\\\\\\b\\\\000\0\eng\\
=010  \\$a68057379 //r90
=035  9\$a476312
=035  \\$a(OCoLC)00181135
=040  \\$aDLC$cDLC$dm.c.$dIWA
=049  \\$aIWAA
=090  \\$aPR581$bG433w
=100  1\$aGingerich, Solomon Francis,$d1875-$wcn
=245  10$aWordsworth, Tennyson, and Browning;$ba study in human freedom,$cby Solomon F. Gingerich.
=260  \\$aNew York,$bGordian Press,$c1968.
=300  \\$a263 p.$c23 cm.
=500  \\$aThesis (Ph.D.)-University of Michigan, 1909.
=500  \\$aReprint of the 1911 ed.
=504  \\$aBibliographical footnotes.
=600  10$aWordsworth, William,$d1770-1850.$xCriticism and interpretation.$wcn
=600  10$aTennyson, Alfred Tennyson,$cBaron,$d1809-1892.$xCriticism and interpretation.$wcn
=600  10$aBrowning, Robert,$d1812-1889.$xCriticism and interpretation.$wcn
=650  \0$aEnglish poetry$y19th century$xHistory and criticism.
=650  \0$aLiberty in literature
=999  \\$a476312

