=LDR  00663nam  2200229   4500
=001  000477734
=003  BIBL
=005  20011129081000.0
=008  770110s1910\\\\sw\\\\\\\\\\\\00010\eng\\
=010  \\$a11001925
=035  9\$a477734
=035  \\$a(OCoLC)02669579
=040  \\$aDLC$cFHM$dIWA
=049  \\$aIWAA
=090  \\$aPR5517.L3$bS47x
=100  10$aSerner, Gunnar,$d1886-1947
=245  10$aOn the language of Swinburne's lyrics and epics,$ba study$cby Gunnar Serner.
=260  0\$aLund,$bPrinted by Berlingska boktryckeriet,$c1910.
=300  \\$avii, [1], 138 p.$c25 cm.
=500  \\$aThesis-Lund.
=600  10$aSwinburne, Algernon Charles,$d1837-1909.
=999  \\$a477734

