=LDR  00997nam  2200265 a 4500
=001  000478427
=003  BIBL
=005  19980825065200.0
=008  921125s1992\\\\sw\a\\\\\b\\\\000\0\eng\d
=020  \\$a9157645965
=035  9\$a478427
=035  \\$a(OCoLC)27029600
=040  \\$aIWA$cIWA
=049  \\$aIWAA
=090  \\$aQR82.E6$bP57x 1992
=100  1\$aPirhonen, Minna.
=245  10$aCharacterization of pathogenicity determinants of the plant pathogen Erwinia carotovora /$cMinna Pirhonen.
=260  \\$aUppsala :$bDept. of Molecular Genetics, Uppsala Genetic Center, Swedish University of Agricultural Sciences,$c1992.
=300  \\$a1 v. (various pagings) :$bill. ;$c24 cm.
=500  \\$aThesis is based on the five previously published papers reprinted here.
=502  \\$aThesis (doctoral)--Sveriges lantbruksuniversitet, 1992.
=504  \\$aIncludes bibliographical references.
=650  \0$aErwinia carotovora$xGenetics.
=650  \0$aPhytopathogenic bacteria$xMolecular aspects
=999  \\$a478427

