=LDR  00963nam  2200289 a 4500
=001  000478442
=003  BIBL
=005  19980825065300.0
=008  921125s1992\\\\sw\a\\\\\b\\\\000\0\eng\d
=020  \\$a9157645590
=035  9\$a478442
=035  \\$a(OCoLC)27029604
=040  \\$aIWA$cIWA
=041  0\$aeng$bswe
=049  \\$aIWAA
=090  \\$aSB608.P25$bS74x 1992
=100  1\$aStegmark, Rolf.
=245  10$aBreeding for partial resistance to downy mildew in peas /$cRolf Stegmark.
=260  \\$aSvalöv :$bDept. of Plant Breeding Research, Swedish University of Agricultural Sciences,$c1992.
=300  \\$a94 p. :$bill. ;$c25 cm.
=500  \\$aSummary in Swedish.
=500  \\$aThesis is based on the five previously published papers reprinted here.
=502  \\$aThesis (doctoral)--Sveriges lantbruksuniversitet, 1992.
=504  \\$aIncludes bibliographical references.
=650  \0$aPeas$xDiseases and pests
=650  \0$aDowny mildew diseases
=999  \\$a478442

