=LDR  01238cam  2200349 a 4500
=001  000478471
=003  BIBL
=005  19990117100900.0
=008  920708s1992\\\\sw\a\\\\\b\\\\000\0\eng\d
=020  \\$a9157645663
=035  9\$a478471
=035  \\$a(OCoLC)26145429
=040  \\$aAGL$cAGL$dIWA
=041  0\$aeng$bswe
=049  \\$aIWAV$bVET
=070  0\$aSF871.P47$b1992
=072  \0$aL210
=090  \\$aSF871$bP48x, 1992
=100  00$aPettersson, Ann.
=245  10$aIn vivo studies on intraluminal pressure variations in the porcine oviductal isthmus /$cby Ann Pettersson.
=260  \\$aUppsala :$bDept. of Obstetrics and Gynaecology, Faculty of Veterinary Medicine, Swedish University of Agricultural Sciences,$c1992.
=300  \\$a1 v. (various pagings) :$bill. ;$c24 cm.
=500  \\$aSummaries in Swedish.
=500  \\$aThesis is based on the eight previously published papers reprinted here.
=500  \\$aAbstract sheet inserted.
=502  \\$aThesis (doctoral)--Sveriges lantbruksuniversitet, 1992.
=504  \\$aIncludes bibliographical references.
=650  \0$aVeterinary gynecology
=650  \0$aSwine$xReproduction.
=650  \0$aVeterinary endocrinology
=650  \0$aReproduction$xEndocrine aspects
=999  \\$a478471

