=LDR  00848nam  2200265   4500
=001  000480351
=003  BIBL
=005  19980825080800.0
=008  740423s1938\\\\enkabf\\\b\\\\000\0\eng\\
=010  \\$a39006630
=035  9\$a480351
=035  \\$a(OCoLC)00864426
=040  \\$aDLC$cVTU$dSER$dIWA
=049  \\$aIWAA
=090  \\$aNK3805$bW95p
=100  1\$aWu, Chin-ting.
=245  10$aPrehistoric pottery in China,$cby G.D. Wu ...
=260  \\$aLondon,$bPub. on behalf of the Courtauld Institute of Art, University of London, by K. Paul, Trench, Trubner & Co., ltd.$c[1938]
=300  \\$a180 p., 2 l.$billus., LXVII pl. on 64 p. maps.$c26 cm.
=500  \\$aThesis (Ph.D.) - London.
=504  \\$a"Selected bibliography": p. 173-174.
=650  \0$aPottery, Ancient
=650  \0$aPottery, Chinese
=710  20$aCourtauld Institute of Art.
=999  \\$a480351

