=LDR  00903nam  2200241 a 4500
=001  000488784
=003  BIBL
=005  19980825142400.0
=008  880617r1970\\\\miua\\\\\\\\\\00010\eng\d
=035  9\$a488784
=035  \\$a(OCoLC)18103172
=040  \\$aIWA$cIWA
=049  \\$aIWAV
=090  \\$aQL737.S94$bS3x
=100  10$aSchmidt, Donald A.
=245  10$aSome micromorphologic features of the intestinal tract of the young pig ;$bI. Mitotic activity of the epithelium : II. A micromorphologic comparison of gnotobiotic and farm-raised pigs /$cby Donald Arthur Schmidt.
=260  0\$a[East Lansing, Mich.] :$bMichigan State University,$c1961.
=300  \\$a127 leaves :$bill. ;$c22 cm.
=500  \\$aThesis (Ph.D.)--Michigan State University, 1961.
=504  \\$aIncludes bibliographies.
=533  \\$aPhotocopy.$bAnn Arbor, Mich., :$cUniversity Microfilms,$d1970.
=650  \0$aSwine$xAnatomy
=999  \\$a488784

