=LDR  00677cam  2200241   4500
=001  000490101
=003  BIBL
=005  20060214084800.0
=008  750211s1955\\\\xx\\\\\\\\\\\\00010\eng\u
=010  \\$a55014638
=035  9\$a490101
=035  \\$a(OCoLC)01167578
=040  \\$cHEI$dm.c.$dIWA
=049  \\$aIWAA$bPARKS
=050  \\$aPS3242.A5$bC62
=082  \\$a811.38
=100  00$aClark, Leadie Mae,$d1925-
=245  10$aWalt Whitman's concept of the American common man,$cby Leadie M. Clark.
=260  0\$aNew York,$bPhilosophical Library$c[1955]
=300  \\$axiv, 178 p.$c21 cm.
=500  \\$aThesis--University of Illinois.
=600  10$aWhitman, Walt,$d1819-1892,
=999  \\$a490101

