=LDR  00732nam  2200253   4500
=001  000490109
=003  BIBL
=005  19980825152300.0
=008  720725s1965\\\\enk\\\\\\b\\\\00010\engm\
=010  \\$a65006719
=035  9\$a490109
=035  \\$a(OCoLC)00364707
=040  \\$aDLC$cWSU$dSER$dm.c.$dIWA
=049  \\$aIWAA
=050  0\$aPR5907$b.B8
=082  \\$a822.912
=100  10$aBushrui, Suheil B.
=245  10$aYeats's verse-plays;$bthe revisions 1900-1910$c[by] S. B. Bushrui.
=260  0\$aOxford$a[New York]$bClarendon Press,$c1965.
=300  \\$axv, 240 p.$c22 cm.
=500  \\$aThesis--University of Southampton.
=504  \\$aBibliography: p. [227]-233.
=600  10$aYeats, W. B.$q(William Butler),$d1865-1939.
=999  \\$a490109

