=LDR  00797nam  2200277   4500
=001  000490623
=003  BIBL
=005  19980825154500.0
=008  721108s1970\\\\ii\b\\\\\b\\\\00100\eng\\
=010  \\$a70915867 /SA
=035  9\$a490623
=035  \\$a(OCoLC)00553403
=040  \\$aDLC$cDLC$dm/c$dIWA
=043  \\$aac-----
=049  \\$aIWAA
=050  0\$aBQ572$b.S23
=100  10$aSaha, Kshanika.
=245  10$aBuddhism and Buddhist literature in Central Asia.
=250  \\$a[1st ed.]
=260  0\$aCalcutta,$bFirma K. L. Mukhopadhyay,$c1970.
=300  \\$axii, 162 p.$bfold. map.$c19 cm.
=500  \\$a"Thesis approved of by the University of Calcutta for the degree of D. Phil."
=504  \\$aBibliography: p. [147]-152.
=650  \0$aBuddhism$zAsia, Central.
=999  \\$a490623
=350  \\$aRs15.00

