=LDR  00869nam  2200289   4500
=001  000495883
=003  BIBL
=005  19980825193000.0
=008  750609s1940\\\\riu\\\\\\b\\\\00110beng\\
=010  \\$a40035118
=035  9\$a495883
=035  \\$a(OCoLC)01380173
=040  \\$aDLC$cORL$dm.c.$dSER$dIWA
=049  \\$aIWAA
=082  \\$a823.87
=090  \\$aPR5687$b.W5 1940
=100  10$aWildman, John Hazard.
=245  10$aAnthony Trollope's England,$cby John Hazard Wildman.
=260  0\$aProvidence, R.I.,$bBrown University,$c1940.
=300  \\$a6 p. ., 3-135 p.$c24 cm.
=440  \0$aBrown University studies$vvol. v
=500  \\$aThesis (Ph. D.)--Brown University, 1937.
=500  \\$aThesis note on half-title.
=504  \\$aBibliography: p. 128-132.
=600  10$aTrollope, Anthony,$d1815-1882.
=651  \0$aGreat Britain$xSocial life and customs
=999  \\$a495883

