=LDR  01035nam  2200313 i 4500
=001  000496787
=003  BIBL
=005  19980825200800.0
=008  770210r19761949nyuaf\\\\b\\\\000\0\eng\\
=010  \\$a75011063 //r862
=020  \\$a0878171681
=035  9\$a496787
=035  \\$a(OCoLC)02685826
=040  \\$aDLC$cDLC$dm.c.$dIWA
=043  \\$an-cn---$an-us---
=049  \\$aIWAA
=082  0\$a730/.8997$219
=090  \\$aE98.A7$bW75 1976
=100  1\$aWingert, Paul S.$q(Paul Stover),$d1900-1974.$wcn
=245  10$aAmerican Indian sculpture :$ba study of the Northwest coast /$cPaul S. Wingert.
=260  \\$aNew York :$bHacker Art Books,$c1976.
=300  \\$axii, 144 p., [38] leaves of plates :$bill. ;$c26 cm.
=500  \\$aThesis--Columbia University.
=500  \\$aReprint of the 1949 ed. published by J. J. Augustin, New York.
=504  \\$aBibliography: p. [124]-129.
=650  \0$aIndians of North America$zNorthwest coast of North America$xSculpture.
=650  \0$aSalishan sculpture
=999  \\$a496787
=019  \\$a02969317

