=LDR  00838nam  2200265   4500
=001  000501082
=003  BIBL
=005  19980817171600.0
=008  770520s1927\\\\xx\\\\\\\\\\\\00010\eng\\
=010  \\$a28006237
=035  9\$a501082
=035  \\$a(OCoLC)02980369
=040  \\$aDLC$cKSU$dm.c.$dIWA
=049  \\$aIWAA
=090  \\$aPS2638$b.C3
=100  10$aCambiaire, Célestin Pierre,$d1880-
=245  14$aThe influence of Edgar Allan Poe in France,$cby Célestin Pierre Cambiaire.
=260  0\$aNew York,$bG. E. Stechert & Co.,$c1927.
=300  \\$a[5]-332p.$c23 cm.
=500  \\$aThesis (PH.D.)--University of Iowa, 1925.
=504  \\$aBibliography: p. [315]-332.
=600  10$aPoe, Edgar Allan,$d1809-1849
=650  \0$aLiterature, Comparative$xEnglish and French.
=650  \0$aLiterature, Comparative$xFrench and English.
=999  \\$a501082

