=LDR  01063nam  2200289   4500
=001  000502078
=003  BIBL
=005  19980817174400.0
=008  770106s1973\\\\vaua\\\\\b\\\f00010\eng\d
=035  9\$a502078
=035  \\$a(OCoLC)02664741
=040  \\$aGQG$cGQG$dIWA
=049  \\$aIWAA
=090  \\$aTK5105.5$bB47x, 1973b
=100  10$aBernard, Dan
=245  10$aIntercomputer networks :$ban overview and a bibliography /$c[Dan Bernard].
=260  0\$aSpringfield, Va. :$bdistributed by the National Technical Service,$c[1973?]
=300  \\$aiv, 146 p. :$bill. ;$c28 cm.
=500  \\$a"AD-769 232."
=500  \\$aThesis--University of Pennsylvania.
=500  \\$aReprint of thesis dated May 1973.
=500  \\$a"Contract or grant no. N00014-67-A-0216-0007. Originating activity: University of Pennsylvania. Sponsoring military activity: Office of Naval Research, Information Systems."
=500  \\$aPrepared for the Office of Naval Research.
=504  \\$aBibliography: p. 127-146.
=650  \0$aComputer networks
=999  \\$a502078
=092  \\$a001.64$bB45i, 1973

