=LDR  00876nam  22002898a 4500
=001  000502309
=003  BIBL
=005  19980817175600.0
=008  920603s1992\\\\mau\\\\\\b\\\\001\0\eng\\
=010  \\$a92022556
=020  \\$a0262041324
=035  9\$a502309
=035  \\$a(OCoLC)26096192
=040  \\$aDLC$cDLC$dIWA
=049  \\$aIWAA
=050  00$aQA76.545$b.D36 1992
=082  00$a005.74$220
=100  1\$aDan, Asit
=245  10$aPerformance analysis of data sharing environments /$cAsit Dan.
=260  \\$aCambridge, Mass. :$bMIT Press,$cc1992.
=300  \\$axxi, 118 p. :$bill. ;$c24 cm.
=440  \0$aACM distinguished dissertations
=500  \\$aThesis (Ph. D.)--University of Massachusetts, Amherst, 1990.
=504  \\$aIncludes bibliographical references and index.
=650  \0$aTransaction systems (Computer systems)
=650  \0$aDatabase management
=999  \\$a502309

