=LDR  00806nam  2200241   4500
=001  000504821
=003  BIBL
=005  19980817191400.0
=008  720222r19691932xx\\\\\\\\\\\\00010\eng\d
=035  9\$a504821
=035  \\$a(OCoLC)00246059
=040  \\$aKSU$cKSU$dm.c.$dIWA
=049  \\$aIWAA
=090  \\$aPR5534$b.F7 1969x
=100  10$aFrenzel, Herbert A.$q(Herbert Alfred),$d1908-
=245  10$aJohn Millington Synge's work as a contribution to Irish folk-lore and to the psychology of primitive tribes.
=260  0\$aFolcroft, Pa.,$bFolcroft Press$c[1969]
=300  \\$a69 p.$c25 cm.
=500  \\$a"First published 1932."
=500  \\$aThesis - Rheinischen Friedrich Wilhelms Universität, Bonn.
=504  \\$aBibliography: p. [67]-69.
=600  10$aSynge, J. M.$q(John Millington),$d1871-1909
=999  \\$a504821

