=LDR  00708nam  2200241   4500
=001  000509153
=003  BIBL
=005  19980817211000.0
=008  720712r19651911xx\\\\\\\\\\\\00010\eng\d
=035  9\$a509153
=035  \\$a(OCoLC)00353479
=040  \\$cWSU$dIWA
=049  \\$aIWAA
=090  \\$aPR2997.S7$bA7 1965x
=100  10$aArnold, Morris Le Roy,$d1881-
=245  14$aThe soliloquies of Shakespeare;$ba study in technic.
=260  0\$aNew York,$bAMS Press,$c1965.
=300  \\$ax, 177 p. ;$c24 cm.
=440  \0$aColumbia university studies in English,$nser. 2,$v[v. 15]
=500  \\$aThesis (Ph.D.)--Columbia University, 1911.
=500  \\$aVita.
=600  10$aShakespeare, William,$d1564-1616,
=999  \\$a509153

