=LDR  00714nam  2200229   4500
=001  000517944
=003  BIBL
=005  19980818005800.0
=008  801031r19691933pau\\\\\\\\\\\00000\eng\d
=035  9\$a517944
=035  \\$a(OCoLC)06887877
=040  \\$aOKU$cOKU$dm.c.$dIWA
=049  \\$aIWAA
=090  \\$aPR4717$b.M3 1969
=100  00$aMcKay, Ruth Capers,$d1902-
=245  10$aGeorge Gissing and his critic Frank Swinnerton ...$c[by] Ruth Capers McKay. Philadelphia, 1933.
=260  0\$a[Folcroft, Pa. :$bFolcroft Press,$c1969]
=300  \\$a111 p. ;$c26 cm.
=500  \\$aThesis (PH. D.)--University of Pennsylvania, 1927.
=600  10$aGissing, George,$d1857-1903.
=600  10$aSwinnerton, Frank,$d1884-
=999  \\$a517944

