=LDR  00924cam  2200277   4500
=001  000518379
=003  BIBL
=005  19990528085200.0
=008  750702s1964\\\\xx\\\\\\\\\\\\00010\eng\u
=010  \\$a67007354
=035  9\$a518379
=035  \\$a(OCoLC)01425833
=040  \\$cRBN$dm.c.$dIWA
=049  \\$aIWAA
=090  \\$aPR559.E7$bH3
=100  10$aHägin, Peter
=245  14$aThe epic hero and the decline of heroic poetry;$ba study of the neoclassical English epic with special reference to Milton's Paradise lost.
=260  0\$aBern,$bFrancke$c[1964]
=300  \\$a182 p.$c24 cm.
=440  \0$aCooper monographs on English and American language and literature$v8
=500  \\$aThesis--Basel.
=504  \\$aBibliography: p. 171-182.
=600  10$aMilton, John,$d1608-1674.$tParadise lost.
=650  \0$aEpic poetry$xHistory and criticism.
=650  \0$aEnglish poetry$y18th century$xHistory and criticism.
=999  \\$a518379

