=LDR  01008nam  2200277 a 4500
=001  000520999
=003  BIBL
=005  19980818021600.0
=008  890105s1988\\\\dk\a\\\\\b\\\\00010\dan\d
=035  9\$a520999
=035  \\$a(OCoLC)18972138
=040  \\$aAGL$cAGL$dIWA
=041  0\$adan$beng
=049  \\$aIWAA
=090  \\$aS604$bH39x, 1988
=100  10$aHave, Henrik.
=245  10$aEnergiforbrug ved jordbearbejdning med dobbeltdrevne harvetænder :$bparameteridentifikation og udvikling af empiriske modeller /$cHenrik Have.
=260  0\$a[København] :$bDSR Boghandel,$c1988.
=300  \\$axvi, 182 p. :$bill. ;$c24 cm.
=500  \\$aThesis (Ph.D.)--Kongelige Veterinær - og Landbohøjskole, 1988.
=500  \\$aEnglish summary "Energy requirements by soil tillage with dual-driven harrow tines"): p. 120-124.
=500  \\$aIncludes bibliographical references.
=650  \0$aTillage
=650  \0$aSoil physics
=740  01$aEnergy requriements by soil tillage with dual-driven harrow tines.
=999  \\$a520999

