=LDR  00609nam  2200229   4500
=001  000528029
=003  BIBL
=005  19980818051700.0
=008  711202s1940\\\\fr\\\\\\\\\\\\00010\fre\d
=035  9\$a528029
=035  \\$a(OCoLC)00177766
=040  \\$cKSU$dOCL$dIWA
=049  \\$aIWAA
=090  \\$aPS3505.A87$bZ68x
=100  10$aHandy, Yvonne.
=245  12$aL'œuvre de Willa Cather.
=260  0\$aRennes,$bImprimeries Oberthur,$c1940.
=300  \\$a222 p.$billus.$c24 cm.
=500  \\$aThesis - Université de Rennes.
=504  \\$aBibliography: p. [211]-222.
=600  10$aCather, Willa,$d1873-1947
=999  \\$a528029

