=LDR  00746nam  2200265   4500
=001  000530359
=003  BIBL
=005  19980818061800.0
=008  740205s1951\\\\nyu\\\\\\b\\\\00000\eng\\
=010  \\$a51013327 //r52
=035  9\$a530359
=035  \\$a(OCoLC)00789223
=040  \\$aDLC$cOUN$dm.c.$dSER$dIWA
=049  \\$aIWAA
=082  \\$a343
=090  \\$aK$bSco83h
=100  10$aHopkins, Vincent Charles,$d1912-
=245  00$aDred Scott's case.
=260  0\$aNew York,$bFordham University Press;$bD.X. McMullen Co., distributors$c[1951]
=300  \\$aix, 204 p.$c25 cm.
=500  \\$aThesis--Columbia University.
=500  \\$aWithout thesis statement.
=504  \\$aBibliography: p. 185-194.
=600  10$aScott, Dred,$d1809-1858
=999  \\$a530359

