=LDR  00833nam  2200289   4500
=001  000531021
=003  BIBL
=005  19980818063600.0
=008  770728s1947\\\\nyu\\\\\\b\\\\00000\engm\
=010  \\$a47012487
=035  9\$a531021
=035  \\$a(OCoLC)03144608
=040  \\$aDLC$cNGU$dm.c.$dSER$dIWA
=049  \\$aIWAA
=050  0\$aPR3069.A43$bY6 1947
=082  \\$a822.33
=100  00$aYoder, Audrey Elizabeth,$d1915-
=245  10$aAnimal analogy in Shakespeare's character portrayal.
=260  0\$aNew York,$bKing's Crown Press,$c1947.
=300  \\$ax, 150 p.$c23 cm.
=500  \\$aThesis - Columbia Univ.
=500  \\$aPub. also without thesis statement.
=504  \\$aBibliography: p. [133]-150.
=600  10$aShakespeare, William,$d1564-1616$xCharacters
=600  00$aAesop
=650  \0$aAnimals in literature
=999  \\$a531021

