=LDR  00976nam  2200277   4500
=001  000535069
=003  BIBL
=005  20061103112200.0
=008  790305s1979\\\\iau\\\\\\\\\\\00000\eng\d
=035  9\$a535069
=035  \\$a(OCoLC)04713409
=040  \\$aIWA$cIWA
=049  \\$aIWAA$c1$aIWAF$c2
=099  \\$aISU$a1979$aB644
=100  10$aBorhan, Manoochehr.
=245  10$aLipoxygenase activity and protein solubility in extracts from soybeans treated with heat and ethanol.
=260  0\$c1979.
=300  \\$a107 .$billus.$c29 cm.
=530  \\$aAlso available online.
=500  \\$aTypescript (Photocopy).
=500  \\$aThesis--Iowa State University of Science and Technology.
=504  \\$aIncludes bibliography.
=690  \\$aFood technology.
=856  41$uhttp://proxy.lib.iastate.edu/login?url=http://gateway.proquest.com/openurl?url_ver=Z39.88-2004&rft_val_fmt=info:ofi/fmt:kev:mtx:dissertation&res_dat=xri:pqdiss&rft_dat=xri:pqdiss:7916185
=999  \\$a535069
=902  \\$axyz

