=LDR  00793nam  2200253 i 4500
=001  000535586
=003  BIBL
=005  19980818083700.0
=008  780915s1978\\\\iaua\\\\\\\\\\00000\eng\d
=035  9\$a535586
=035  \\$a(OCoLC)04226530
=040  \\$aIWA$cIWA
=049  \\$aIWAA$c1
=099  \\$aISU$a1978$aC632
=100  20$aCobas Carrato, Eduardo C.
=245  12$aA method of social benefit-cost analysis with application to the major projects of Peru's public investment program 1968-1975 /$cby Eduardo C. Cobas Carrato.
=260  0\$c1978.
=300  \\$a111 leaves :$bill. ;$c29 cm.
=500  \\$aThesis (M.S.)--Iowa State University of Science and Technology.
=504  \\$aIncludes bibliography.
=590  \\$aTypescript (Photocopy)
=650  \0$aEconomics
=999  \\$a535586
=902  \\$axyz

