=LDR  00812nam  2200265   4500
=001  000535638
=003  BIBL
=005  19980818083900.0
=008  770711s1934\\\\enkabf\\\b\\\\00010\eng\\
=010  \\$a34032375
=035  9\$a535638
=035  \\$a(OCoLC)03104991
=040  \\$aDLC$cTJC$dIWA
=049  \\$aIWAA
=050  0\$aDT434$bM28a
=082  \\$a572.967611
=100  10$aMair, Lucy Philip,$d1901-
=245  13$aAn African people in the twentieth century,$cby L. P. Mair.
=260  0\$aLondon,$bG. Routledge & sons, ltd.,$c1934.
=300  \\$axvi, 300 p.$bfront., illus. (map) plates.$c23 cm.
=500  \\$a"Thesis approved for the degree of doctor of philosophy in the University of London."
=504  \\$aBibliography: p. 289.
=650  \0$aEthnology$zUganda
=650  \0$aGanda (African people)
=999  \\$a535638

