=LDR  00980nam  2200277   4500
=001  000535926
=003  BIBL
=005  20061117142800.0
=008  790323s1979\\\\iau\\\\\\\\\\\00000\eng\d
=035  9\$a535926
=035  \\$a(OCoLC)04771565
=040  \\$aIWA$cIWA
=049  \\$aIWAA$cl$aIWAF$c2
=099  \\$aISU$a1979$aR151
=100  00$aRanch, Jerome Peter,$d1949-
=245  10$aOn the development of a mutant isolation scheme from cell and tissue cultures of Datura innoxia (Miller).
=260  0\$c1979.
=300  \\$a198 .$billus.$c29 cm.
=530  \\$aAlso available online.
=500  \\$aTypescript (Photocopy).
=500  \\$aThesis--Iowa State University of Science and Technology.
=504  \\$aIncludes bibliography.
=690  \\$aGenetics
=856  41$uhttp://proxy.lib.iastate.edu/login?url=http://gateway.proquest.com/openurl?url_ver=Z39.88-2004&rft_val_fmt=info:ofi/fmt:kev:mtx:dissertation&res_dat=xri:pqdiss&rft_dat=xri:pqdiss:7916209
=999  \\$a535926
=902  \\$axyz

