=LDR  01158nam  2200301   4500
=001  000536299
=003  BIBL
=005  20061128155400.0
=008  790912s1979\\\\iau\\\\\\\\\\\00000\eng\d
=035  9\$a536299
=035  \\$a(OCoLC)05365530
=040  \\$aIWA$cIWA
=049  \\$aIWAA$c1$aIWAC$c2
=099  \\$aISU$a1979$aAd31
=100  00$aAdegoke, Adeyinka Olujimi.
=245  10$aEvolution of means, response, and stability of production traits in oat populations with disruptive environmental selection /$cby Adeyinka Olujimi Adegoke.
=260  0\$c1979.
=300  \\$a144 leaves :$bill. ;$c29 cm.
=530  \\$aAlso available online.
=500  \\$aThesis--Iowa State University of Science and Technology.
=500  \\$aTypescript (Photocopy).
=502  \\$aThesis--Iowa State University of Science and Technology.
=504  \\$aIncludes bibliography.
=690  \\$aAgronomy
=690  \\$aPlant breeding and cytogenetics.
=856  41$uhttp://proxy.lib.iastate.edu/login?url=http://gateway.proquest.com/openurl?url_ver=Z39.88-2004&rft_val_fmt=info:ofi/fmt:kev:mtx:dissertation&res_dat=xri:pqdiss&rft_dat=xri:pqdiss:8000108
=999  \\$a536299
=902  \\$axyz

