=LDR  00752nam  2200241   4500
=001  000536364
=003  BIBL
=005  19980818085900.0
=008  780424r19691936pau\\\\\\\\\\\00000\eng\d
=035  9\$a536364
=035  \\$a(OCoLC)03821893
=040  \\$aKEU$cKEU$dm.c.$dIWA
=049  \\$aIWAA
=090  \\$aPR4717$b.G3 1969
=100  10$aGapp, Samuel Vogt,$d1902-
=245  10$aGeorge Gissing, Classicist,$cby Samuel Vogt Gapp. Philadelphia, University of Pennsylvania Press, 1936;
=260  0\$aFolcroft,$bFolcroft Press$c[1969]
=300  \\$a210 p.$c23 cm.
=500  \\$aThesis (PH.D.) - University of Pennsylvania, 1934.
=500  \\$a"First published 1936."
=504  \\$aBibliography: p. 199-205.
=600  10$aGissing, George,$d1857-1903.
=999  \\$a536364

