=LDR  01021nam  2200277 i 4500
=001  000539330
=003  BIBL
=005  19980818102700.0
=008  770222r19661935nyu\\\\\\b\\\\00110beng\d
=035  9\$a539330
=035  \\$a(OCoLC)02756394
=040  \\$aTXA$cTXA$dm.c.$dm/c$dIWA
=049  \\$aIWAA
=090  \\$aPR3358.Z5$bP3 1966
=090  \\$aPR3358.Z5$bP3
=100  10$aPage, Eugene Richard,$d1903-
=245  10$aGeorge Colman, the Elder :$bessayist, dramatist, and theatrical manager, 1732-1794 /$cby Eugene R. Page.
=260  0\$aNew York :$bAMS Press,$c1966.
=300  \\$axi, 334 p. ;$c23 cm.
=500  \\$aReprint of the ed. published also as part of the series: Columbia University studies in English and comparative literature, no. 120.
=500  \\$aThesis (Ph.D.) - Columbia Univeristy, 1935.
=504  \\$aBibliography: p. [309]-323.
=600  10$aColman, George,$d1732-1794
=650  \0$aTheater$zEngland$zLondon.
=830  \0$aColumbia University studies in English and comparative literature
=999  \\$a539330

