=LDR  00894cam  2200301   4500
=001  000544008
=003  BIBL
=005  19990117112000.0
=008  720204s1971\\\\ii\ab\\\\b\\\\00110\eng\\
=010  \\$a73924199 /SA/r83
=035  9\$a544008
=035  \\$a(OCoLC)00251667
=040  \\$aDLC$cDLC$dm.c.$dIWA
=043  \\$aa-ii---
=049  \\$aIWAA$bPARKS
=050  0\$aBL1225.J3$bM574
=082  \\$a294.5/512
=100  10$aMishra, Kanhu Charan,$d1922-
=245  14$aThe cult of Jagannātha$c[by] K. C. Mishra.
=250  \\$a[1st ed.]
=260  0\$aCalcutta,$bFirma K. L. Mukhopadhyay,$c1971.
=300  \\$axiv, 251 p.$billus., map.$c25 cm.
=500  \\$a"Thesis approved by the Calcutta University for D. Phil. degree."
=504  \\$aBibliography: p. [233]-238.
=610  10$aPuri, India (City).$bTemple of Jaganath.
=650  \0$aJagannātha (Hindu deity)
=999  \\$a544008
=350  \\$aRs45.00

