=LDR  00858nam  2200277   4500
=001  000546693
=003  BIBL
=005  20050323080000.0
=008  750415s1926\\\\xx\\\\\\\\\\\\00010\eng\u
=010  \\$a26020876
=035  9\$a546693
=035  \\$a(OCoLC)01278235
=040  \\$cIAU$dIWA
=050  0\$aHD4901$b.C289L
=100  10$aCatlin, Warren B.,$d1881-
=245  14$aThe labor problem in the United States and Great Britain,$cby Warren B. Catlin.
=260  0\$aNew York and$aLondon,$bHarper & Brothers$c[c1926]
=300  \\$ax, 659 p.$bdiagr.$c22 cm.
=500  \\$aThesis (PH.D.)--Columbia University, 1927.
=500  \\$aVita.
=500  \\$aWithout thesis note.
=504  \\$aBibliographical footnotes.
=650  \0$aLabor movement$zUnited States$xHistory$y20th century.
=650  \0$aLabor movement$zGreat Britain
=650  \0$aLabor unions
=999  \\$a546693

