=LDR  00787nam  2200241 i 4500
=001  000548413
=003  BIBL
=005  19980818141900.0
=008  770826r19711970miu\\\\\ab\\\\00010\eng\d
=035  9\$a548413
=035  \\$a(OCoLC)03222062
=040  \\$aAZS$cAZS$dIWA
=049  \\$aIWAJ
=090  \\$aPN1995.9.F5$bK3x micro-, film
=100  00$aKarimi, Amir Massoud.
=245  10$aToward a definition of the American film noir (1941-1949) /$cby Amir Massoud Karimi.
=260  0\$c1970, c1971.
=300  \\$aiv, 255 leaves
=500  \\$aThesis--University of Southern California.
=500  \\$aMicrofilm of typescript. Ann Arbor, Mich. : University Microfilms, 1970. -- 1 reel ; 35 mm.
=504  \\$aBibliography: p. 248-255.
=650  \0$aMotion pictures$zUnited States$xHistory.
=999  \\$a548413

