=LDR  00865nam  2200265   4500
=001  000548993
=003  BIBL
=005  19980818143500.0
=008  720418s1912\\\\nyu\\\\\\b\\\\00000\eng\u
=035  9\$a548993
=035  \\$a(OCoLC)00287331
=040  \\$cYNG$dm.c.$dOCL$dm/c$dIWA
=049  \\$aIWAA
=090  \\$aPR4388$b.F82
=100  10$aFuess, Claude Moore,$d1885-1963.
=245  10$aLord Byron as a satirist in verse,$cby Claude M. Fuess ...
=260  0\$aNew York,$bColumbia university press,$c1912.
=300  \\$axi, 228 p. 1 l.$c21 cm.
=440  \0$aColumbia University studies in English and comparative literature
=500  \\$aThesis (PH.D.)--Columbia university, 1912.
=500  \\$aPublished without thesis note.
=504  \\$aBibliography: p.219-223.
=600  10$aByron, George Gordon Byron,$cBaron,$d1788-1824
=650  \0$aSatire, English
=999  \\$a548993

