=LDR  00975nam  2200289 i 4500
=001  000555578
=003  BIBL
=005  19980818173400.0
=008  790827s1969\\\\miu\\\\\ab\\\\00010\fre\d
=035  9\$a555578
=035  \\$a(OCoLC)05314093
=040  \\$aIWA$cIWA
=049  \\$aIWAJ
=090  \\$aPQ145.7.J4$bH47x, 1969, micro-, film
=100  10$aHerz, Micheline Weill.
=245  10$aJewish problems in French literature around 1900 /$cby Micheline Weill Herz.
=260  0\$aAnn Arbor, Mich. :$bUniversity Microfilms,$c[1969?].
=300  \\$a1 reel (431 leaves) ;$c35 mm.
=490  0\$aDoctoral dissertation series ; publication no. 15,015
=500  \\$aMicrofilm.
=500  \\$aText in French.
=500  \\$aThesis--Cornell University, 1955.
=504  \\$aBibliography: leaves 463-471.
=650  \0$aJews in literature
=650  \0$aFrench literature$y19th century$xHistory and criticism.
=650  \0$aFrench literature$y20th century$xHistory and criticism.
=999  \\$a555578

