=LDR  00956nam  2200277   4500
=001  000556080
=003  BIBL
=005  20061103095300.0
=008  790326s1979\\\\iau\\\\\\\\\\\00000\eng\d
=035  9\$a556080
=035  \\$a(OCoLC)04784750
=040  \\$aIWA$cIWA
=049  \\$aIWAA$c1$aIWAC$c2$aIWAE$c3
=099  \\$aISU$a1979$aSa29
=100  00$aPreecha Sakarindr,$d1937-
=245  13$aAn econometric study of Thai rubber industry and the world rubber market.
=260  0\$c1979.
=300  \\$a151 .$billus.$c29 cm.
=530  \\$aAlso available online.
=500  \\$aTypescript (Photocopy).
=500  \\$aThesis--Iowa State University of Science and Technology.
=504  \\$aIncludes bibliography.
=690  \\$aEconomics
=856  41$uhttp://proxy.lib.iastate.edu/login?url=http://gateway.proquest.com/openurl?url_ver=Z39.88-2004&rft_val_fmt=info:ofi/fmt:kev:mtx:dissertation&res_dat=xri:pqdiss&rft_dat=xri:pqdiss:7916212
=999  \\$a556080
=902  \\$axyz

