=LDR  00739nam  2200241 i 4500
=001  000556343
=003  BIBL
=005  19980818175900.0
=008  780815s1978\\\\iaua\\\\\\\\\\00000\eng\d
=035  9\$a556343
=035  \\$a(OCoLC)04142648
=040  \\$aIWA$cIWA
=049  \\$aIWAA$c1
=099  \\$aISU$a1978$aM872
=100  10$aMowry, Gregory Stephen.
=245  14$aThe design of a low temperature translation balance for the measurement of paramagnetic and diamagnetic susceptibilities.
=260  0\$aAmes, Iowa :$b[s.n.],$c1978.
=300  \\$a45 leaves :$bill. ;$c29 cm.
=500  \\$aThesis (M.S.)--Iowa State University of Science and Technology.
=504  \\$aIncludes bibliography.
=690  \\$aMetallurgy
=999  \\$a556343
=902  \\$axyz

