=LDR  00990nam  2200289   4500
=001  000556412
=003  BIBL
=005  20061103112500.0
=008  790219s1979\\\\iau\\\\\\\\\\\00000\eng\d
=035  9\$a556412
=035  \\$a(OCoLC)04670125
=040  \\$aIWA$cIWA
=049  \\$aIWAA$c1$aIWAC$c2
=099  \\$aISU$a1979$aF29
=100  00$aFay, David Allyn,$d1952-
=245  10$aNeutron-capture gamma-ray analysis of coal for sulfur, iron, silicon and moisture.
=260  0\$c1979.
=300  \\$a127 .$billus.$c29 cm.
=530  \\$aAlso available online.
=500  \\$aTypescript (Photocopy).
=500  \\$aThesis--Iowa State University of Science and Technology.
=504  \\$aIncludes bibliography.
=650  \0$aChemistry, Analytic
=690  \\$aChemistry
=856  41$uhttp://proxy.lib.iastate.edu/login?url=http://gateway.proquest.com/openurl?url_ver=Z39.88-2004&rft_val_fmt=info:ofi/fmt:kev:mtx:dissertation&res_dat=xri:pqdiss&rft_dat=xri:pqdiss:7916191
=999  \\$a556412
=902  \\$axyz

