=LDR  00977nam  2200277   4500
=001  000556583
=003  BIBL
=005  20061128160600.0
=008  790927s1979\\\\iau\\\\\\\\\\\00000\eng\d
=035  9\$a556583
=035  \\$a(OCoLC)05431104
=040  \\$aIWA$cIWA
=099  \\$aISU$a1979$aB432
=100  10$aBender, Frederick,$d1947-
=245  10$aTreatment of molecular absorption by use of transmission average opacities in cool stellar atmosphere models.
=260  0\$c1979.
=300  \\$a295 .$billus.$c29 cm.
=530  \\$aAlso available online.
=500  \\$aTypescript (Photocopy).
=500  \\$aThesis--Iowa State University of Science and Technology.
=504  \\$aIncludes bibliography.
=650  \0$aPhysics
=690  \\$aAstrophysics
=856  41$uhttp://proxy.lib.iastate.edu/login?url=http://gateway.proquest.com/openurl?url_ver=Z39.88-2004&rft_val_fmt=info:ofi/fmt:kev:mtx:dissertation&res_dat=xri:pqdiss&rft_dat=xri:pqdiss:8000114
=999  \\$a556583
=902  \\$axyz

