=LDR  01146nam  2200301   4500
=001  000556646
=003  BIBL
=005  20061103095300.0
=008  790326s1979\\\\iau\\\\\\\\\\\00000\eng\d
=035  9\$a556646
=035  \\$a(OCoLC)04784398
=040  \\$aIWA$cIWA
=049  \\$aIWAA$c1$aIWAF$c2
=099  \\$aISU$a1979$aZ67
=100  10$aZiomek, Robert L.
=245  13$aAn analysis of the relationships between philosophical attitudes and personality characteristics /$cby Robert Leon Ziomek.
=260  0\$c1979.
=300  \\$a101 leaves :$bill. ;$c29 cm.
=530  \\$aAlso available online.
=500  \\$aTypescript (Photocopy).
=500  \\$aThesis--Iowa State University of Science and Technology.
=504  \\$aIncludes bibliography.
=690  \\$aProfessional studies.
=690  \\$aEducation (History, philosophy, and comparative education).
=690  \\$aHistory, philosophy, and comparative education.
=856  41$uhttp://proxy.lib.iastate.edu/login?url=http://gateway.proquest.com/openurl?url_ver=Z39.88-2004&rft_val_fmt=info:ofi/fmt:kev:mtx:dissertation&res_dat=xri:pqdiss&rft_dat=xri:pqdiss:7916219
=999  \\$a556646
=902  \\$axyz

