=LDR  00717nam  22002535i 4500
=001  000557197
=003  BIBL
=005  20100301122800.0
=008  800220s1980\\\\xx\\\\\\\\\\\\00010\eng\d
=035  9\$a557197
=035  \\$a(OCoLC)06002445
=040  \\$aIWA$cIWA
=099  \\$aISU$a1980$aD78
=100  10$aDrabenstott, Mark R.
=245  14$aThe small family farm : can it survive ? /$cby Mark Richard Drabenstott.
=260  0\$c1980.
=300  \\$a97 leaves :$bill. ;$c29 cm.
=500  \\$aTypescript (Photocopy).
=500  \\$aThesis (M.S.)--Iowa State University of Science and Technology.
=504  \\$aIncludes bibliography.
=690  \\$aEconomics
=690  \4$aAgricultural economics
=999  \\$a557197
=902  \\$axyz

