=LDR  00871nam  2200265   4500
=001  000560000
=003  BIBL
=005  19980818200900.0
=008  840403r19691927pauh\\\\\b\\\\00010\eng\d
=035  9\$a560000
=035  \\$a(OCoLC)10589736
=040  \\$aCNO$cCNO$dIWA
=049  \\$aIWAA
=090  \\$aPR8585$b.M5 1969
=100  10$aMill, Anna Jean.
=245  10$aMediaeval plays in Scotland,$cby Anna Jean Mill.
=260  0\$aFolcroft, Pa.,$bFolcroft Press$c[1969]
=300  \\$avii, 356 p.$bfront. (facsim.) fold. tab.$c22 cm.
=440  \0$aSt. Andrews University publications$vno. 24
=500  \\$a"First published, 1927."
=500  \\$a"Thesis submitted for the degree of Ph.D. of the University of St. Andrews, July 1924."
=504  \\$a"List of authorities" : p. [v]-vii.
=650  \0$aScottish drama$xHistory and criticism.
=650  \0$aDrama, Medieval
=999  \\$a560000

