=LDR  01052nam  2200265 a 4500
=001  000562602
=003  BIBL
=005  19980818214600.0
=008  930226s1992\\\\sw\a\\\\\b\\\\000\0\eng\d
=020  \\$a9157646260
=035  9\$a562602
=035  \\$a(OCoLC)27636396
=040  \\$aIWA$cIWA
=049  \\$aIWAA
=090  \\$aQP95.8$bT76x, 1992
=100  2\$aTrowald-Wigh, Gunilla.
=245  10$aNeutrophil functions in the dog /$cGunilla Trowald-Wigh.
=260  \\$aUppsala :$bSveriges Lantbruksuniversitet,$c1992.
=300  \\$a1 v. :$bill. (1 col.) ;$c24 cm.
=500  \\$aAt head of title: Department of Medicine and Surgery, Faculty of Veterinary Medicine, Swedish University of Agricultural Sciences, Uppsala, Sweden and the Department of Clinical Chemistry, Faculty of Medicine, University Hospital, Uppsala, Sweden.
=500  \\$aThesis is based on the five previously published papers reprinted here.
=502  \\$aThesis--Sveriges lantbruksuniversitet, 1992.
=504  \\$aIncludes bibliographical references.
=650  \0$aNeutrophils
=999  \\$a562602

