=LDR  01397nam  2200349 a 4500
=001  000567126
=003  BIBL
=005  19980819095100.0
=008  931019s1992\\\\sw\a\\\\\b\\\\000\0\swe\d
=020  \\$a9157646422
=035  9\$a567126
=035  \\$a(OCoLC)29052731
=040  \\$aIPL$cIPL$dIWA
=041  0\$aswe$beng
=049  \\$aIWAA
=090  \\$aHF5686.A36$bB44x 1992
=100  1\$aBengtsson, Berth-Arne.
=245  10$aKapitaländringar, resultatmätning och konsumtion :$bteoretiska överväganden och en empirisk studie på jordbruksföretag = Capital gains and losses, income measurement, and consumption : theoretical considerations and an empirical study on farm firms /$cBerth-Arne Bengtsson.
=260  \\$aUppsala :$bInstitutionen för ekonomi, Sveriges lantbruksuniversitet,$c1992.
=300  \\$axviii, 248 p. :$bill. ;$c24 cm.
=490  1\$aAvhandlingar =$aDissertations,$x0284-4842 ;$v3
=500  \\$aSummary in English.
=500  \\$aThesis statement inserted.
=502  \\$aThesis (doctoral)--Sveriges lantbruksuniversitet, 1992.
=504  \\$aIncludes bibliographical references (p. [229]-248).
=650  \0$aAgricultural industries$xAccounting.
=650  \0$aCost accounting
=650  \0$aProfit
=650  \0$aBusiness losses
=830  \0$aAvhandlingar (Sveriges lantbruksuniversitet. Institutionen för ekonomi)$v3.
=999  \\$a567126
=092  \\$a657.863042$bB436k, 1992

