=LDR  01125nam  2200289   4500
=001  000572235
=003  BIBL
=005  19980819130200.0
=008  770315s1944\\\\gw\a\\\\\b\\\\00000\ger\c
=010  \\$aa 50006217
=035  9\$a572235
=035  \\$a(OCoLC)02806289
=040  \\$aIllinois. Univ. Library$cLDL$dm/c$dIWA
=049  \\$aIWAA
=082  \\$a621.101
=099  \\$aQC275$aP943v
=100  10$aProfos, Paul.
=245  10$aVektorielle Regeltheorie;$bdie Behandlung von Regelproblemen vermittels des Frequenzganges des Regelkreises und ihre Anwendung auf die Temperaturregelung durchströmter Rohrsysteine.
=260  0\$aZürich,$bGebr. Leemann & Co.,$c1944.
=300  \\$a134, [2] p.$bdiagrs.$c23 cm.
=500  \\$aThesis edition published under title: Die Behandlung von Regelproblemen vermittels des Frequenzganges des Regelkreises und ihre Anwendung auf die Temperaturregelung durchstromter Rohsysteme.
=504  \\$a"Verzeichnis der benutzten Literaturstellen": p. [136]
=650  \0$aTemperature
=650  \0$aVector analysis
=650  \0$aThermostat
=740  41$aDie Behandlung von Regelproblemen.
=999  \\$a572235

