=LDR  00605nam  22002175  4500
=001  000572779
=003  BIBL
=005  19980819132300.0
=008  901128s1919\\\\nyua\\\\\\\\\\000\0\eng\d
=035  9\$a572779
=035  \\$a(OCoLC)22747273
=040  \\$aBKL$cBKL$dIWA
=049  \\$aIWAA
=090  \\$aSF258.N5$bJ444s
=100  1\$aJennings, Irwin G.
=245  12$aA study of the New York City milk problem.
=260  \\$aNew York,$bNational Civic Federation,$c1919.
=300  \\$a58 p.$btables.$c23 cm.
=500  \\$aThesis (Ph.D)--Columbia University, 1919.
=650  \0$aMilk supply$zNew York (N.Y.)
=999  \\$a572779

