=LDR  00905nam  2200277   4500
=001  000575416
=003  BIBL
=005  19980819150500.0
=008  750827s1936\\\\xx\\\\\\\\\\\\000\0\eng\d
=035  9\$a575416
=035  \\$a(OCoLC)01576435
=040  \\$aTOL$cTOL$dTOL$dm/c$dIWA
=049  \\$aIWAA
=090  \\$aDS783.7$bC362i
=100  1\$aZhang, Daoxing,$d1908-$wcn
=245  10$aInternational controversies over the Chinese eastern railway,$cby Tao Shing Chang.
=260  \\$aShanghai, China,$bThe Commercial press, ltd.$c[1936]
=300  \\$aix, 289 p.$c23 cm.
=500  \\$aThesis note on label mounted on t.-p.
=500  \\$aTitle on cover in English and Chinese.
=502  \\$aThesis (Ph.D)--University of Iowa, 1934.
=504  \\$aBibliography: p.[275]-282.
=610  20$aChinese Eastern Railway
=650  \0$aEastern question (Far East)$wcn
=651  \0$aChina$xForeign relations$wcm
=999  \\$a575416

