=LDR  00768nam  2200277   4500
=001  000584597
=003  BIBL
=005  19980819215900.0
=008  730205s1937\\\\idu\\\\\\\\\\\00010\eng\\
=010  \\$a37010978
=035  9\$a584597
=035  \\$a(OCoLC)00551911
=040  \\$cTOL$dIWA
=049  \\$aIWAA
=050  0\$aPS3545.I628$bO4 1937
=082  \\$a814.5
=100  10$aWilson, Henry Lovejoy,$d1908-
=245  10$aOf lunar kingdoms.
=260  0\$aCaldwell, Id.,$bCaxton,$c1937.
=300  \\$a120 p.$c22 cm.
=500  \\$aThesis note mounted on title-page.
=500  \\$a"A group of informal essays, a mock utopia."--Publisher's announcement.
=502  \\$aThesis (PH. D.)--University of Iowa, 1935.
=650  \0$aUtopias
=740  01$aLunar kingdoms.
=999  \\$a584597

