=LDR  00787nam  2200265   4500
=001  000585005
=003  BIBL
=005  19980819221500.0
=008  790806s1950\\\\mdua\\\\\b\\\\000\0\eng\c
=010  \\$aa 51004156
=035  9\$a585005
=035  \\$a(OCoLC)05245774
=040  \\$aJohns Hopkins University$cLDL$dIWA
=049  \\$aIWAA
=090  \\$aQC327$bB452h
=100  1\$aBerg, Ralph Roger,$d1923-
=245  10$aHeat transfer to fluids in coiled tubing in the streamline flow region.
=260  \\$aBaltimore,$c1949 [i.e. 1950]
=300  \\$aiii, 132 p.$bdiagrs., tables.$c29 cm.
=500  \\$aThesis--Johns Hopkins University.
=500  \\$aVita: p. [2] of cover.
=504  \\$aBibliography: p. 127-128.
=650  \0$aHeat$xConvection
=650  \0$aPipelines$xHydrodynamics
=999  \\$a585005

