=LDR  01281nam  2200325 a 4500
=001  000585565
=003  BIBL
=005  19980819223600.0
=008  920127s1991\\\\sw\a\\\\\b\\\\000\0\eng\d
=035  9\$a585565
=035  \\$a(OCoLC)25168397
=035  \\$a977092
=040  \\$aAGL$cAGL$dIPL$dIWA
=049  \\$aIWAA
=070  0\$aTH4911.A1S9$bno.77
=072  \0$aL100$aN100
=090  \\$aSF768.2.C3$bE37x 1991
=100  1\$aEhrlemark, Anders.
=245  10$aHeat and moisture dissipation from cattle :$bmeasurements and simulation model /$cAnders Ehrlemark.
=260  \\$aUppsala :$bSwedish University of Agricultural Sciences, Dept. of Farm Buildings, Division of Research and Education,$c1991.
=300  \\$a120 p. :$bill. ;$c30 cm.
=490  1\$aRapport / Sveriges lantbruksuniversitet, Institutionen för lantbrukets byggnadsteknik,$x0348-0259 ;$v77
=500  \\$aThesis statement in Swedish and abstract inserted.
=502  \\$aThesis (doctoral)--Sveriges lantbruksuniversitet, 1991.
=504  \\$aIncludes bibliographical references.
=650  \0$aCattle$xPhysiology
=650  \0$aBody temperature$xRegulation
=830  \0$aRapport (Sveriges lantbruksuniversitet. Institutionen för lantbrukets byggnadsteknik)$v77.
=999  \\$a585565
=092  \\$a636.2089201426$bEh88h, 1991

