=LDR  01468nam  2200337 a 4500
=001  000585580
=003  BIBL
=005  19980819223700.0
=008  920127s1991\\\\sw\a\\\\\b\\\\000\0\eng\d
=035  9\$a585580
=035  \\$a(OCoLC)25168330
=035  \\$a977091
=040  \\$aAGL$cAGL$dIPL$dIWA
=049  \\$aIWAA
=070  0\$aTH4911.A1S9$bno.81
=072  \0$aN100
=090  \\$aTH4935$bN55x, 1991
=100  1\$aNilsson, Lennart.
=245  10$aPressures exerted by grain and silage stored in silos :$bexperimental determination of the mechanical and rheological properties of grain and silage and analysis of the interaction between the stored material and the silo walls /$cLennart Nilsson.
=260  \\$aLund :$bSwedish University of Agricultural Sciences, Dept. of Farm Buildings,$c1991.
=300  \\$a1 v. (various pagings) :$bill. ;$c30 cm.
=490  1\$aRapport / Sveriges lantbruksuniversitet, Institutionen för lantbrukets byggnadsteknik = Report / Swedish University of Agricultural Sciences, Department of Farm Buildings,$x0348-0259 ;$vno. 81
=500  \\$aThesis statement and abstract inserted.
=502  \\$aThesis (doctoral)--Sveriges lantbruksuniversitet, 1992.
=504  \\$aIncludes bibliographical references.
=650  \0$aSilos
=650  \0$aSilage
=650  \0$aStructural dynamics
=830  \0$aRapport (Sveriges lantbruksuniversitet. Institutionen för lantbrukets byggnadsteknik)$v81.
=999  \\$a585580
=092  \\$a690.892$bN599p, 1991

