=LDR  00885nam  2200301   4500
=001  000587141
=003  BIBL
=005  19980819233700.0
=008  720601c19651926nyu\\\\\\b\\\\00000\eng\\
=010  \\$a65016767
=035  9\$a587141
=035  \\$a(OCoLC)00322122
=040  \\$aDLC$cAKR$dXBM$dOCL$dCWR$dOCL$dIWA
=043  \\$an-mx---
=049  \\$aIWAA
=050  0\$aF1232$bC131c
=100  10$aCallcott, Wilfrid Hardy,$d1895-
=245  10$aChurch and state in Mexico, 1822-1857.
=260  0\$aNew York,$bOctagon Books,$c1965 [c1926]
=300  \\$a357 p.$c24 cm.
=500  \\$aThesis--Columbia University.
=504  \\$aBibliography: p. [325]-340.
=610  10$aMexico.$tConstitución de Apatzingán.
=610  10$aMexico.$tConstitución federal (1824)
=650  \0$aChurch and state$zMexico
=651  \0$aMexico$xPolitics and government$y1821-1861
=999  \\$a587141
=019  \\$a896655

