=LDR  00966cam  2200289   4500
=001  000588047
=003  BIBL
=005  20061117144600.0
=008  790326s1979\\\\iau\\\\\\\\\\\00000\eng\d
=035  9\$a588047
=035  \\$a(OCoLC)04784555
=040  \\$aIWA$cIWA
=049  \\$aIWAF$c2$aIWAA$c1
=099  \\$aISU$a1979$aW831
=100  00$aWolf, Nicholas Owen,$d1952-
=245  10$aKinetic models for irreversible processes on a lattice.
=260  0\$c1979.
=300  \\$a218 .$billus.$c29 cm.
=530  \\$aAlso available online.
=500  \\$aTypescript (Photocopy).
=500  \\$aThesis--Iowa State University of Science and Technology.
=504  \\$aIncludes bibliography.
=690  \\$aChemistry
=690  \4$aPhysical chemistry
=856  41$uhttp://proxy.lib.iastate.edu/login?url=http://gateway.proquest.com/openurl?url_ver=Z39.88-2004&rft_val_fmt=info:ofi/fmt:kev:mtx:dissertation&res_dat=xri:pqdiss&rft_dat=xri:pqdiss:7916218
=999  \\$a588047
=902  \\$axyz

