=LDR  00795nam  2200265 i 4500
=001  000588276
=003  BIBL
=005  19980820002100.0
=008  790405s1978\\\\iaua\\\\\\\\\\00000\eng\d
=035  9\$a588276
=035  \\$a(OCoLC)04823029
=040  \\$aIWA$cIWA
=049  \\$aIWAA$c1$aIWAE$c2
=099  \\$aISU$a1978$aC189
=100  10$aCarey, Stephen Earl.
=245  10$aChanges in ideal family size : Factors affecting reduced fertility in Costa Rica /$cby Stephen Earl Carey.
=260  0\$c1978.
=300  \\$a106 leaves :$bill. ;$c29 cm.
=500  \\$aThesis (M.S.)--Iowa State University of Science and Technology.
=504  \\$aIncludes bibliography.
=650  \0$aSociology (Anthropology)
=650  \0$aSociology and anthropology.
=650  \0$aAnthropology
=999  \\$a588276
=902  \\$axyz

