=LDR  00787nam  2200253   4500
=001  000588291
=003  BIBL
=005  19980820002200.0
=008  790808s1979\\\\iau\\\\\\\\\\\00000\eng\d
=035  9\$a588291
=035  \\$a(OCoLC)05251756
=040  \\$aIWA$cIWA
=049  \\$aIWAA$c1$aIWAF$c2
=099  \\$aISU$a1979$aZ85
=100  10$aZumbach, Galen Ray.
=245  10$aImportance of selected occupational activities of vocational agriculture teachers as perceived by Colorado and Utah principals and teachers.
=260  0\$c1979.
=300  \\$a112 .$billus.$c29 cm.
=500  \\$aTypescript (Photocopy).
=500  \\$aThesis (M.S.)--Iowa State University of Science and Technology.
=504  \\$aIncludes bibliography.
=690  \\$aAgricultural engineering
=999  \\$a588291
=902  \\$axyz

