=LDR  00962nam  2200277   4500
=001  000588294
=003  BIBL
=005  20061103110200.0
=008  790906s1979\\\\iau\\\\\\\\\\\00000\eng\d
=035  9\$a588294
=035  \\$a(OCoLC)05345157
=040  \\$aIWA$cIWA
=049  \\$aIWAA$c1$aIWAF$c2$aIWAE$c3
=099  \\$aISU$a1979$aEv27
=100  00$aEvers, Frederick Thomas.
=245  12$aA systemic approach to organizational analysis: the case of farmer cooperatives.
=260  0\$c1979.
=300  \\$a270 .$billus.$c29 cm.
=530  \\$aAlso available online.
=500  \\$aTypescript (Photocopy).
=500  \\$aThesis--Iowa State University of Science and Technology.
=504  \\$aIncludes bibliography.
=690  \\$aSociology
=856  41$uhttp://proxy.lib.iastate.edu/login?url=http://gateway.proquest.com/openurl?url_ver=Z39.88-2004&rft_val_fmt=info:ofi/fmt:kev:mtx:dissertation&res_dat=xri:pqdiss&rft_dat=xri:pqdiss:8000131
=999  \\$a588294
=902  \\$axyz

