=LDR  00954nam  2200277   4500
=001  000588296
=003  BIBL
=005  20061103110100.0
=008  790904s1979\\\\iau\\\\\\\\\\\00000\eng\d
=035  9\$a588296
=035  \\$a(OCoLC)05339058
=040  \\$aIWA$cIWA
=049  \\$aIWAA$c1$aIWAF$c2$aIWAE$c3
=099  \\$aISU$a1979$aD656
=100  00$aDobson, Cynthia Davis,$d1942-
=245  10$aMarital role expectations for middle-aged and older men and women.
=260  0\$c1979.
=300  \\$a183 l.$billus.$c29 cm.
=530  \\$aAlso available online.
=500  \\$aTypescript (Photocopy).
=500  \\$aThesis--Iowa State University of Science and Technology.
=504  \\$aIncludes bibliography.
=690  \\$aSociology
=856  41$uhttp://proxy.lib.iastate.edu/login?url=http://gateway.proquest.com/openurl?url_ver=Z39.88-2004&rft_val_fmt=info:ofi/fmt:kev:mtx:dissertation&res_dat=xri:pqdiss&rft_dat=xri:pqdiss:8000125
=999  \\$a588296
=902  \\$axyz

