=LDR  00715nam  2200265 i 4500
=001  000588314
=003  BIBL
=005  19980820002200.0
=008  781026s1978\\\\iaua\\\\\\\\\\00000\eng\d
=035  9\$a588314
=035  \\$a(OCoLC)04321958
=040  \\$aIWA$cIWA
=049  \\$aIWAA
=099  \\$aISU$a1978$aH198
=100  00$aHansen, Anthony Regis.
=245  12$aA water budget study of south Florida thunderstorms.
=260  0\$c1978.
=300  \\$a160 leaves :$bill. ;$c29 cm.
=500  \\$aTypescript (Photocopy)
=500  \\$aThesis (M.S.)--Iowa State University of Science and Technology.
=504  \\$aIncludes bibliography.
=650  \0$aEarth sciences
=690  \\$aMeteorology
=999  \\$a588314
=902  \\$axyz

