=LDR  00946nam  2200265 i 4500
=001  000589841
=003  BIBL
=005  20061012145900.0
=008  780523s1978\\\\iaua\\\\\\\\\\00000\eng\d
=035  9\$a589841
=035  \\$a(OCoLC)03919361
=040  \\$aIWA$cIWA
=049  \\$aIWAA
=099  \\$aISU$a1978$aK841
=100  10$aKoriem, Mohamed Ahmed,$d1937-
=245  12$aA comparison of philosophical orientation between prospective teachers in the United States and Egypt.
=260  0\$c1978.
=300  \\$a97 leaves :$bill. ;$c29 cm.
=530  \\$aAlso available online.
=500  \\$aThesis--Iowa State University of Science and Technology.
=504  \\$aIncludes bibliography.
=690  \\$aEducation$xPhilosophy
=856  41$uhttp://proxy.lib.iastate.edu/login?url=http://gateway.proquest.com/openurl?url_ver=Z39.88-2004&rft_val_fmt=info:ofi/fmt:kev:mtx:dissertation&res_dat=xri:pqdiss&rft_dat=xri:pqdiss:7900191
=999  \\$a589841
=902  \\$axyz

