=LDR  00701nam  2200253 i 4500
=001  000589844
=003  BIBL
=005  19980820012200.0
=008  780907s1978\\\\iaua\\\\\\\\\\00000\eng\d
=035  9\$a589844
=035  \\$a(OCoLC)04204621
=040  \\$aIWA$cIWA
=049  \\$aIWAA
=099  \\$aISU$a1978$aK528
=100  10$aKhosravi, Gholamreza.
=245  14$aThe effect of trickle irrigation on bearing and nonbearing apple trees.
=260  0\$c1978.
=300  \\$a49 leaves :$bill. ;$c29 cm.
=500  \\$aThesis (M.S.)--Iowa State University of Science of Technology.
=500  \\$aTypescript (Photocopy)
=504  \\$aIncludes bibliography.
=690  \\$aHorticulture
=999  \\$a589844
=902  \\$axyz

