=LDR  01082nam  2200289   4500
=001  000589994
=003  BIBL
=005  20061128151300.0
=008  790816s1979\\\\iau\\\\\\\\\\\00000\eng\d
=035  9\$a589994
=035  \\$a(OCoLC)05280304
=040  \\$aIWA$cIWA
=049  \\$aIWAF$c2$aIWAV$c3$aIWAA$c1
=099  \\$aISU$a1979$aF525
=100  10$aFiscus, Ronald Ray.
=245  10$aInvolvement of cyclic nucleotides and prostaglandins during contraction and relaxation of isolated human umbilical arteries.
=260  0\$c1979.
=300  \\$a151 .$billus.$c29 cm.
=530  \\$aAlso available online.
=500  \\$aTypescript (Photocopy).
=500  \\$aThesis--Iowa State University of Science and Technology.
=504  \\$aIncludes bibliography.
=690  \\$aPhysiology (Pharmacology)
=690  \\$aVeterinary anatomy, pharmacology and physiology.
=856  41$uhttp://proxy.lib.iastate.edu/login?url=http://gateway.proquest.com/openurl?url_ver=Z39.88-2004&rft_val_fmt=info:ofi/fmt:kev:mtx:dissertation&res_dat=xri:pqdiss&rft_dat=xri:pqdiss:7924240
=999  \\$a589994
=902  \\$axyz

