=LDR  00970cam  2200289   4500
=001  000589997
=003  BIBL
=005  20061129105100.0
=008  791003s1979\\\\iau\\\\\\\\\\\00000\eng\d
=035  9\$a589997
=035  \\$a(OCoLC)05463263
=040  \\$aIWA$cIWA
=049  \\$aIWAA$c1$aIWAF$c2
=099  \\$aISU$a1979$aM597
=100  10$aMiles, Richard Dean.
=245  10$aPulsed Doppler imaging of the carotid bifurcation.
=260  0\$c1979.
=300  \\$a94 .$billus.$c29 cm.
=530  \\$aAlso available online.
=500  \\$aTypescript (Photocopy).
=500  \\$aThesis--Iowa State University of Science and Technology.
=504  \\$aIncludes bibliography.
=690  \\$aBiomedical engineering
=690  \4$aElectrical engineering
=856  41$uhttp://proxy.lib.iastate.edu/login?url=http://gateway.proquest.com/openurl?url_ver=Z39.88-2004&rft_val_fmt=info:ofi/fmt:kev:mtx:dissertation&res_dat=xri:pqdiss&rft_dat=xri:pqdiss:8000159
=999  \\$a589997
=902  \\$axyz

