=LDR  00920nam  2200277   4500
=001  000590000
=003  BIBL
=005  20061103095500.0
=008  790206s1979\\\\iau\\\\\\\\\\\00000\eng\d
=035  9\$a590000
=035  \\$a(OCoLC)04622996
=040  \\$aIWA$cIWA
=049  \\$aIWAA$c1$aIWAF$c2$aIWAE$c3
=099  \\$aISU$a1979$aAm62
=100  00$aAmos, Orley Milton,$d1954-
=245  10$aSupply of potential cropland in Iowa.
=260  0\$c1979.
=300  \\$a192 .$billus.$c29 cm.
=530  \\$aAlso available online.
=500  \\$aTypescript (Photocopy)
=500  \\$aThesis--Iowa State University of Science and Technology.
=504  \\$aIncludes bibliography.
=690  \\$aEconomics
=856  41$uhttp://proxy.lib.iastate.edu/login?url=http://gateway.proquest.com/openurl?url_ver=Z39.88-2004&rft_val_fmt=info:ofi/fmt:kev:mtx:dissertation&res_dat=xri:pqdiss&rft_dat=xri:pqdiss:7924228
=999  \\$a590000
=902  \\$axyz

