=LDR  00963nam  2200289   4500
=001  000590587
=003  BIBL
=005  19980820015100.0
=008  740123r19661917nyu\\\\\\\\\\\00000\eng\d
=035  9\$a590587
=035  \\$a(OCoLC)00781535
=040  \\$aYNG$cYNG$dWYU$dIWA
=049  \\$aIWAA
=090  \\$aPT151.I5$bW4 1966
=100  10$aWerner, Oscar Helmuth,$d1888-
=245  14$aThe unmarried mother in German literature,$bwith special reference to the period 1770-1800.
=260  0\$aNew York,$bAMS Press,$c1966.
=300  \\$ax, 128 p.$c24 cm.
=440  \0$aColumbia University Germanic studies
=500  \\$aThesis-Columbia University.
=500  \\$aReprint of the 1917 ed. published by Columbia University Press, New York.
=504  \\$aBibliography: p. 112-123.
=650  \0$aIllegitimacy$xGermany.
=650  \0$aUnmarried mothers in literature
=650  \0$aInfanticide
=650  \0$aGerman literature$y18th century$xHistory and criticism
=999  \\$a590587

