=LDR  01372nam  2200337   4500
=001  000594698
=003  BIBL
=005  19980820043100.0
=008  720229s1939\\\\mauab\\\\b\\\\00010\eng\\
=010  \\$a42020704 //r43
=035  9\$a594698
=035  \\$a(OCoLC)00253021
=040  \\$aDLC$cWSU$dSER$dIWA
=049  \\$aIWAA
=050  0\$aHF3151$bM364m
=051  \\$aAS36$b.S7 vol. 24$cCopy 2. Thesis note and vita typewritten on labels, mounted on t.-p. and p. 284 respectively.
=082  \\$a381.0974
=100  10$aMartin, Margaret Elizabeth,$d1912-
=245  10$aMerchants and trade of the Connecticut river valley, 1750-1820,$cby Margaret E. Martin.
=260  0\$aNorthampton, Mass.,$bThe Dept. of History of Smith College$c[1939]
=300  \\$avii, 284 p. incl. front. (map) diagrs.$c24 cm.
=490  1\$aSmith college studies in history,$vvol. XXIV, nos. 1-4. October, 1938-July, 1939
=500  \\$aStudy V in the Council of industrial study series.
=500  \\$aThesis note and vita typewritten on labels, mounted on t.p. and p. 284 respectively.
=502  \\$aThesis (PH.D.)--Columbia University, 1942.
=504  \\$aBibliography: p. 269-274.
=650  \0$aMerchants, American
=651  \0$aConnecticut River Valley$xCommerce.
=710  20$aSmith College.$bDept. of History.
=830  \0$aSmith College studies in history.$vvol. xxiv, nos. 1-4
=999  \\$a594698

