=LDR  00971nam  2200313 a 4500
=001  000598266
=003  BIBL
=005  19980820064800.0
=008  920323s1992\\\\nyua\\\\\b\\\\001\0\eng\\
=010  \\$a92010159
=020  \\$a0815307012 (alk. paper)
=035  9\$a598266
=035  \\$a(OCoLC)25675983
=040  \\$aDLC$cDLC$dIWA
=049  \\$aIWAA
=050  00$aP99.4.P72$bV34 1992
=100  1\$aVallduví, Enric.
=245  14$aThe informational component /$cEnric Vallduví.
=260  \\$aNew York :$bGarland Pub.,$c1992.
=300  \\$aix, 186 p. :$bill. ;$c24 cm.
=440  \0$aOutstanding dissertations in linguistics
=500  \\$aThesis (doctoral)--University of Pennsylvania, 1990.
=504  \\$aIncludes bibliographical references (p. 168-182) and index.
=650  \0$aPragmatics
=650  \0$aInformation theory
=650  \0$aGrammar, Comparative and general$xSyntax
=650  \0$aCatalan language$xSyntax.
=650  \0$aSemantics (Philosophy)
=999  \\$a598266

