=LDR  00959nam  2200301   4500
=001  000600744
=003  BIBL
=005  19980820082600.0
=008  870117s1953\\\\no\a\\\\\b\\\\00000\eng\\
=010  \\$a55014419
=035  9\$a600744
=035  \\$a(OCoLC)15085766
=040  \\$aDLC$cISM$dIWA
=049  \\$aIWAA
=050  0\$aHM251$b.R665s
=100  00$aRommetveit, Ragnar.
=245  10$aSocial norms and roles;$bexplorations in the psychology of enduring social pressures with empirical contributions from inquiries into religious attitudes and sex roles of adolescents from some districts in western Norway.
=260  0\$aOslo,$bAkademisk forlag,$c1953.
=300  \\$axi, 167 p.$bdiagrs.$c22 cm.
=500  \\$aThesis statement on slip inserted.
=502  \\$aThesis--Oslo.
=504  \\$aBibliography: p. [163]-167.
=650  \0$aSocial pressure
=650  \0$aAdolescence
=650  \0$aReligion
=650  \0$aSex
=999  \\$a600744
=092  \\$a301.1584$bR766s

