=LDR  00947nam  2200301   4500
=001  000601231
=003  BIBL
=005  19980820084200.0
=008  720323s1935\\\\nyu\\\\\\\\\\\00010\engm\
=010  \\$a35000575
=035  9\$a601231
=035  \\$a(OCoLC)00270010
=040  \\$aDLC$cWSU$dm.c.$dOCL$dIWA
=049  \\$aIWAA
=050  1\$aPS303$b.A5
=090  \\$aPS303$bAL53a
=100  10$aAllen, Gay Wilson,$d1903-
=245  10$aAmerican prosody,$cby Gay Wilson Allen.
=260  0\$aNew York,$aCincinnati [etc.]$bAmerican book company$c[c1935]
=300  \\$aL, 342 p.,$c21 cm.
=490  0\$aAmerican literature series; H.H. Clark, general editor
=500  \\$aThesis (Ph.D.)--University of Wisconsin, 1934.
=500  \\$aWithout thesis note.
=500  \\$a"Selected bibliography" at end of each chapter.
=650  \0$aEnglish language$xVersification
=650  \0$aVersification
=650  \0$aAmerican poetry$xHistory and criticism.
=999  \\$a601231

