=LDR  01223nam  2200337 a 4500
=001  000601761
=003  BIBL
=005  19980820090000.0
=008  930716s1993\\\\sw\a\\\\\b\\\\000\0\eng\d
=020  \\$a9157646554
=035  9\$a601761
=035  \\$a(OCoLC)28464042
=040  \\$aAGL$cAGL$dIWA
=049  \\$aIWAA
=070  0\$aQK898.F3K36$b1993
=072  \0$aF600$aF140$aX300
=090  \\$aQK898.F3$bK36x 1993
=100  2\$aKamal-Eldin, Afaf
=245  10$aSeed oils of Sesamum indicum, L. and some wild relatives :$ba compositional study of the fatty acids, acyl lipids, sterols, tocopherols and lignans /$cby Afaf Kamal-Eldin Mohammed Salih.
=260  \\$aUppsala :$bSveriges Lantbruksuniversitet,$c1993.
=300  \\$a1 v. (various pagings) :$bill. ;$c24 cm.
=500  \\$aSpine title: Sesamum seed oils.
=500  \\$aThesis based on 7 previously prepared or published papers reprinted here.
=504  \\$aIncludes bibliographical references.
=650  \0$aBotanical chemistry
=650  \0$aSesame oil
=650  \0$aOilseed plants
=650  \0$aSesame$xVarieties.
=740  01$aCompositional study of the fatty acids, acyl lipids, sterols, tocopherols and lignans.
=740  01$aSesamum seed oils.
=999  \\$a601761

