=LDR  01179nam  2200301 a 4500
=001  000602094
=003  BIBL
=005  19980820091200.0
=008  910409s1988\\\\sz\\\\\\\b\\\\000\0\eng\d
=035  9\$a602094
=035  \\$a(OCoLC)23441841
=040  \\$aEEM$cEEM$dIWA
=043  \\$ae-ur---$an-us---
=049  \\$aIWAA
=090  \\$aJX4473$bB47x, 1988
=100  00$aBernauer, Thomas.
=245  10$aSuperpower summits, when are they successful? :$ba systematic quantitative, qualitative analysis of factors influencing the outcome of summits /$cThomas Bernauer.
=260  \\$aZürich :$bUniversität Zürich, Forschungsstelle für Politische Wissenschaft, Abteilung Internationale Beziehungen,$c1988.
=300  \\$a146 p. ;$c21 cm.
=440  \0$aKleine Studien zur politischen Wissenschaft$vNr. 256-257
=500  \\$aThesis (master's)--University of Zurich, 1988.
=504  \\$aIncludes bibliographical references (p. 124-130).
=650  \0$aSummit meetings
=650  \0$aDiplomatic negotiations in international disputes
=651  00$aSoviet Union$xRelations$zUnited States.
=651  00$aUnited States$xRelations$zSoviet Union.
=740  01$aSuperpower summits.
=999  \\$a602094

