=LDR  00991nam  2200313   4500
=001  000608069
=003  BIBL
=005  19980820125000.0
=008  780724s1932\\\\nyua\\\\\b\\\\00110\engm\
=010  \\$a32014318 //r
=035  9\$a608069
=035  \\$a(OCoLC)04078250
=040  \\$aDLC$cCOF$dCOF$dIWA
=049  \\$aIWAA
=050  0\$aHD4885$b.Scr33a
=082  \\$a331.8610973
=100  10$aScrimshaw, Stewart.
=245  10$aApprenticeship;$bprinciples, relationships, procedures,$cby Stewart Scrimshaw.
=250  \\$a1st ed.
=260  0\$aNew York,$aLondon,$bMcGraw-Hill Book Company, inc.,$c1932.
=300  \\$axv, 273 p. incl. diagr., forms.$c21 cm.
=490  0\$aMcGraw-Hill vocational texts
=500  \\$aThesis (PH.D) -- University of Wisconsin, 1926.
=500  \\$aWithout thesis note.
=504  \\$a"Selected bibliography": p. 229-235.
=650  \0$aApprentices$zUnited States.
=650  \0$aVocational education$zUnited States
=650  \0$aApprentices$zWisconsin.
=999  \\$a608069

