=LDR  01188nam  2200325 a 4500
=001  000610760
=003  BIBL
=005  19980820145800.0
=008  911218s1990\\\\sw\a\\\\\b\\\\000\0\eng\d
=020  \\$a9157644012
=035  9\$a610760
=035  \\$a(OCoLC)24991471
=035  \\$a964163
=040  \\$aAGL$cAGL$dUIU$dIWA
=049  \\$aIWAA
=070  0\$aSH177.H4G67
=072  \0$aL830$aM001$aW000
=090  \\$aSH177.H4$bG68x 1990
=100  1\$aGottofrey, James.
=245  14$aThe disposition of cadmium, nickel, mercury and methylmercury in fish and effects of lipophilic metal chelation /$cby James Gottofrey.
=260  \\$aUppsala :$bSveriges lantbruksuniversitet,$c1990.
=300  \\$a1 v. (various pagings) :$bill. ;$c24 cm.
=500  \\$aAt head of title: Swedish University of Agricultural Sciences, Department of Pharmacology and Toxicology.
=500  \\$aThesis based on 6 previously submitted or published papers reprinted here.
=504  \\$aIncludes bibliographical references.
=650  \0$aFishes$xEffect of heavy metals on
=650  \0$aChelates$xPhysiological effect
=650  \0$aFishes$xEffect of water pollution on
=999  \\$a610760
=092  0\$a597.05222$bG716d$220

