=LDR  01032nam  2200289 a 4500
=001  000611733
=003  BIBL
=005  19980820155100.0
=008  920513s1990\\\\sw\a\\\\\b\\\\000\0\eng\d
=020  \\$a9157643679
=035  9\$a611733
=035  \\$a(OCoLC)25808623
=040  \\$aIPL$cIPL$dAZU$dIWA
=049  \\$aIWAA
=090  \\$aQE389.2$bP47x, 1990
=100  1\$aPersson, Per.
=245  10$aOn the adsorption of alkylxanthate ions on sulfide mineral and synthetic metal sulfide surfaces /$cPer Persson.
=260  \\$aUppsala :$bSwedish University of Agricultural Sciences, Dept. of Chemistry, Group of Inorganic and Physical Chemistry,$c1990.
=300  \\$a1 v. (various pagings) :$bill. ;$c24 cm.
=500  \\$aThesis statement in Swedish inserted.
=502  \\$aThesis (doctoral)--Sveriges lantbruksuniversitet, 1990.
=504  \\$aIncludes bibliographical references.
=650  \0$aSulfide minerals$xSurfaces.
=650  \0$aMetal sulfides$xSurfaces.
=650  \0$aAdsorption
=999  \\$a611733
=092  \\$a546.72353$bP432o, 1990

