=LDR  00743nam  2200241 i 4500
=001  000612197
=003  BIBL
=005  19980820161800.0
=008  780817s1978\\\\iaua\\\\\\\\\\00000\eng\d
=035  9\$a612197
=035  \\$a(OCoLC)04148260
=040  \\$aIWA$cIWA
=099  \\$aISU$a1978$aN187
=100  00$aNassauer, Joan Iverson.
=245  10$aLandscape characteristics as predictors of the visual quality of the Iowa landscape.
=260  0\$aAmes, Iowa :$b[s.n.],$c1978.
=300  \\$a60 leaves :$bill. ;$c29 cm.
=500  \\$aThesis (M.L.A.)--Iowa State University of Science of Technology.
=504  \\$aIncludes bibliography.
=590  \\$aAnother copy in College collection.
=650  \0$aLandscape architecture
=999  \\$a612197
=902  \\$axyz

