=LDR  00920nam  2200289 i 4500
=001  000612696
=003  BIBL
=005  19980820164700.0
=008  780330r19781975xx\\\\\\\\\\\\00000\eng\d
=035  9\$a612696
=035  \\$a(OCoLC)03761484
=040  \\$aPSC$cPSC$dIWA
=049  \\$aIWAA$c1$aIWAD$c2
=090  \\$aN7431.5$b.T9x
=100  10$aTyng, Anne Griswold,$d1920-
=245  10$aSimultaneous randomness and order :$bthe Fibonacci-Divine proportion as a universal forming principle /$cAnne Griswold Tyng.
=260  0\$c1975.
=300  \\$axix, 225 leaves :$bill.
=500  \\$aThesis--University of Pennsylvania.
=500  \\$aIncludes index.
=500  \\$aPhotocopy of typescript. Ann Arbor, Mich. : University Microfilms International, 1978. 22 cm.
=504  \\$aBibliography: leaves xiii-xviii.
=650  \0$aFibonacci numbers
=650  \0$aProportion
=650  \0$aGolden section
=999  \\$a612696
=902  \\$axyz

