=LDR  00688cam  2200241 i 4500
=001  000614589
=003  BIBL
=005  20000426135600.0
=008  780601s1978\\\\iaua\\\\\\\\\\00000\eng\d
=035  9\$a614589
=035  \\$a(OCoLC)03943116
=040  \\$aIWA$cIWA
=049  \\$aIWAA$c1$aIWADs$c2
=099  \\$aISU$a1978$aSm68
=100  10$aSmith, Wayne Erwin.
=245  10$aBuilding design science curriculum content in architecture.
=260  0\$aAmes, Iowa :$b[s.n.],$c1978.
=300  \\$a197 leaves :$bill. ;$c29 cm.
=500  \\$aThesis (M.Arch.)--Iowa State University of Science of Technology.
=504  \\$aIncludes bibliography.
=690  \\$aArchitecture
=999  \\$a614589
=902  \\$axyz

