=LDR  00660cam  2200241 i 4500
=001  000614964
=003  BIBL
=005  20000426075500.0
=008  780223s1978\\\\iaua\\\\\\\\\\00000\eng\d
=035  9\$a614964
=035  \\$a(OCoLC)03662656
=040  \\$aIWA$cIWA
=049  \\$aIWAA$c1$aIWAD$c2
=099  \\$aISU$a1978$aM288
=100  10$aMajmudar, Paresh Harivadan.
=245  10$aRural housing in India.
=260  0\$aAmes, Iowa :$b[s.n.],$c1978.
=300  \\$a129 leaves :$bill. ;$c29 cm.
=500  \\$aThesis (M.Arch.)--Iowa State University of Science and Technology.
=504  \\$aIncludes bibliography.
=690  \\$aArchitecture
=999  \\$a614964
=902  \\$axyz

