=LDR  00964nam  2200289 a 4500
=001  000617159
=003  BIBL
=005  19980820203000.0
=008  921112s1991\\\\sw\\\\\\\b\\\\000\0\eng\d
=020  \\$a9197100552
=035  9\$a617159
=035  \\$a(OCoLC)26960136
=035  \\$a(NOTISUF)AJA2554
=040  \\$aFUG$cFUG$dIWA
=043  \\$ae-sw---
=049  \\$aIWAA
=090  \\$aT174.3$bZ36x, 1991
=100  1\$aZander, Udo.
=245  10$aExploiting a technological edge ;$bvoluntary and involuntary dissemination of technology /$cUdo Zander.
=260  \\$aStockholm :$bAkademisk Avhandling ;$bDistributed by IIB, Institute of International Business,$c1991.
=300  \\$axx, 253 p. ;$c25 cm.
=500  \\$aThesis (Ph.D)--Stockholm School of Economics.
=504  \\$aIncludes bibliographical references (p. 207-228).
=650  \0$aTechnology transfer$zSweden.
=650  \0$aTechnological innovations
=650  \0$aInternational business enterprises
=999  \\$a617159

