=LDR  01025nam  22002895  4500
=001  000624766
=003  BIBL
=005  19980821022700.0
=008  841009s1970\\\\xx\a\\\\\b\\\\00000\eng\d
=035  9\$a624766
=035  \\$a(OCoLC)11242609
=035  \\$a0332912-Z
=040  \\$aAUM$cAUM$dm/c$dIWA
=049  \\$aIWAA
=090  \\$aTC176$bF5x
=100  00$aFitzsimmons, Delbert Wayne.
=245  10$aUnsteady radial flow from a cylindrical source into a partially saturated porous material.
=260  1\$a[Moscow]$bDept. of Agricultural Engineering, University of Idaho,$c1970.
=300  \\$axiii, 165 l.$billus.$c29 cm.
=490  1\$aMiscellaneous series,$vno. 113
=500  \\$aThesis statement from "Acknowledgements" (p. iii)
=502  \\$aThesis--Washington State University.
=504  \\$aBibliography: l. 121-124.
=650  \0$aSeepage$xMathematical models.
=650  \0$aHydraulics$xMathematical models.
=830  \0$aMiscellaneous series (University of Idaho. Dept. of Agricultural Engineering)$vno. 13.
=999  \\$a624766

