=LDR  00837nam  2200265   4500
=001  000629449
=003  BIBL
=005  19980821060700.0
=008  761129r19661927nyu\\\\\\\\\\\00010\eng\d
=035  9\$a629449
=035  \\$a(OCoLC)02582225
=040  \\$aFHM$cFHM$dm/c$dIWA
=049  \\$aIWAA
=090  \\$aPS1057.Z5$bK5 1966
=100  10$aKing, Joseph Leonard,$d1892-
=245  10$aDr. George William Bagby;$ba study of Virginian literature, 1850-1880,$cby Joseph Leonard King, jr.
=260  0\$aNew York,$bAMS Press,$c1966.
=300  \\$aix, 193 p. 1 l.$c21 cm.
=500  \\$aThesis (Ph. D.)--Columbia university, 1927.
=500  \\$aVita.
=500  \\$aPublished also without thesis note.
=504  \\$aBibliography : p. 189-193.
=600  10$aBagby, George William,$d1828-1883.
=650  \0$aAmerican literature$zVirginia.
=999  \\$a629449

