=LDR  00877nam  2200265   4500
=001  000630520
=003  BIBL
=005  19980821065600.0
=008  720601s1969\\\\xx\\\\\\\\\\\\00010\eng\u
=035  9\$a630520
=035  \\$a(OCoLC)00322140
=040  \\$cAKR$dm.c.$dm/c$dIWA
=049  \\$aIWAA
=090  \\$aPS1636$b.W3 1969
=100  10$aWahr, Frederick Burkhart.
=245  10$aEmerson and Goethe,$cBy Frederick B.Wahr.
=260  0\$aFolcroft Pa.,$bFolcroft Press$c1969.
=300  \\$a197 p.$c20 cm.
=500  \\$aReprint of the 1915 edition.
=500  \\$aThesis (Ph.D.) - University of Michigan.
=500  \\$a"It is the aim ... of this dissertation to treat of Emerson's critical opinion of Goethe." - Pref.
=504  \\$aBibliography: p 195-197.
=600  10$aEmerson, Ralph Waldo,$d1803-1882
=600  10$aGoethe, Johann Wolfgang von,$d1749-1832$xAppreciation.
=999  \\$a630520

