=LDR  01602nam  2200349 a 4500
=001  000631561
=003  BIBL
=005  19980821075300.0
=008  931025s1993\\\\sw\a\\\\\b\\\\000\0\eng\d
=020  \\$a9157647003
=035  9\$a631561
=035  \\$a(OCoLC)29191650
=040  \\$aKKS$cKKS$dAGL$dIPL$dIWA
=049  \\$aIWAA
=070  0\$aQL561.P9B47$b1993
=072  \0$aL300$aL001
=090  \\$aQL561.P9$bB47x 1993
=100  1\$aBerger, Amelie.
=245  10$aLarval migration in the stem borer :$bChilo partellus (Lep., Pyralidae) /$cAmelie Berger.
=260  \\$aUppsala :$bSwedish University of Agricultural Sciences,$c1993.
=300  \\$a1 v. (various pagings) :$bill.$c24 cm.
=500  \\$aThesis (doctoral)--Sveriges lantbruksuniversitet, 1993.
=500  \\$aThesis statement in Swedish inserted.
=504  \\$aIncludes bibliographical references.
=505  0\$aEgg weight, batch size and fecundity of the spotted stalk borer, Chilo partellus in relation to weight of females and time of oviposition -- Ballooning activity of Chilo partellus larvae in relation to size of mother, egg batches, eggs and larvae and age of mother -- Larval movements of Chilo partellus (Lepidoptera: Pyralidae) within and between plants -- Larval migration and pest management of the spotted stem borer Chilo partellus (Swinhoe) (Lepidpotera: Pyralidae).
=650  \0$aChilo$xLarvae.
=650  \0$aCorn$xDiseases and pests$xControl
=650  \0$aSorghum$xDiseases and pests$xControl.
=650  \0$aLarvae$xMigration.
=650  \0$aChilo$xLarvae$xMigration.
=999  \\$a631561
=092  \\$a633.159781$bB453L, 1993

