=LDR  01422nam  2200325 a 4500
=001  000639125
=003  BIBL
=005  19991025133000.0
=008  871123s1985\\\\sw\a\\\\\b\\\\000\0\eng\d
=020  \\$a9157624062
=035  9\$a639125
=035  \\$a(OCoLC)17017547
=040  \\$aNRC$cNRC$dIWA
=049  \\$aIWAV
=090  \\$aSF396.5$bJ67x, 1985
=100  00$aJonsson, Eva.
=245  10$aLactobacilli as probiotics to pigs and calves :$ba microbiological approach /$cEva Jonsson.
=260  \\$aUppsala :$bSwedish University of Agricultural Sciences, Dept. of Animal Nutrition and Management,$c1985.
=300  \\$a1 v. (various pagings) :$bill. ;$c24 cm.
=490  1\$aRapport / Sveriges lantbruksuniversitet, Institutionen för husdjurens utfodring och vård,$x0347-9838 ;$v148 =$aReport / Swedish University of Agricultural Sciences, Department of Animal Nutrition and Management.
=500  \\$aThesis statement in Swedish and English abstract inserted.
=500  \\$a"Dissertation."
=500  \\$aBased on 4 papers authored or co-authored by E. Jonsson.
=502  \\$aThesis (Akademisk avhandling)--Sveriges lantbruksuniversitet, 1985.
=504  \\$aIncludes bibliographies.
=650  \0$aSwine$xFeeding and feeds
=650  \0$aCattle$xFeeding and feeds
=650  \0$aBacillus (Bacteria)
=830  \0$aRapport (Sveriges lantbruksuniversitet. Institutionen főr husdjurens utfodring och vård)$v148.
=999  \\$a639125

