=LDR  00770nam  2200253   4500
=001  000640160
=003  BIBL
=005  19980822025300.0
=008  770223s1928\\\\xx\\\\\\\\\\\\000\0\eng\\
=010  \\$a29010537
=035  9\$a640160
=035  \\$a(OCoLC)02756845
=040  \\$aDLC$cKSU$dIWA
=049  \\$aIWAA
=090  \\$aBF433$bC839m
=100  1\$aCox, John William.
=245  10$aMechanical aptitude,$bits existence, nature and measurement,$cby John W. Cox ... with 63 diagrams and 37 tables.
=260  \\$aLondon,$bMethuen & co. ltd.$c[1928]
=300  \\$axiii, 209, [1] p.$billus., diagrs.$c20 cm.
=500  \\$aThesis (D.SC.)--University of London.
=504  \\$aBibliography: p. 207-209.
=650  \0$aPsychological tests
=650  \0$aAbility$xTesting
=999  \\$a640160

