=LDR  00749nam  2200265   4500
=001  000641099
=003  BIBL
=005  19980822035600.0
=008  750812s1925\\\\xx\\\\\\\\\\\\00010\eng\u
=010  \\$a25006972
=035  9\$a641099
=035  \\$a(OCoLC)01540887
=040  \\$cFQG$dIWA
=049  \\$aIWAA
=050  0\$aQP601$b.R148t
=100  00$aRamsey, George Garfield,$d1880-
=245  10$aTemperature coefficients of enzymic activity and the heat destruction of trypsin ...$cBy George G. Ramsey.
=260  0\$aNew York city,$c1925.
=300  \\$a29, [2] p.$bdiagrs.$c23 cm.
=500  \\$aThesis (Ph. D.)--Columbia university, 1925.
=500  \\$aVita.
=504  \\$aBibliography: p. 28-29.
=650  \0$aEnzymes
=650  \0$aTrypsin
=999  \\$a641099

