=LDR  01366nam  2200289   4500
=001  000641177
=003  BIBL
=005  19980822040200.0
=008  760917s1928\\\\ohuaf\\\\b\\\\00010\eng\\
=010  \\$a29012452 //r
=035  9\$a641177
=035  \\$a(OCoLC)02436750
=040  \\$aDLC$cLDL$dOCL$dm/c$dIWA
=049  \\$aIWAA
=050  0\$aQP306$b.R915v
=100  10$aRussell, G. Oscar$q(George Oscar),$d1890-1962.
=245  14$aThe vowel, some X-ray and photo larynogoperiskopik evidence;$bwith a number of palatograms; giving thus all measurements of the vocal cavities, in three planes, from which the precise computation of each vowel's cavity tone can be made and the buccal position as it was in that subject reproduced ...$cby Oscar George Russell ...
=260  0\$aColumbus, The Ohio state university press,$c1928.
=300  \\$a2 p., l., ix-xliv, 354 p.$bincl. illus., plates, diagrs. front.$c22 cm.
=500  \\$aThesis (PH. D.)--Columbia University. 1928.
=500  \\$aSixteen of the plates are each numbered as one page. They are preceded by a detachable transparent leaf containing a diagram for use with the plates.
=500  \\$aPublished also without thesis note under title: The vowel, its physiological mechanisms as shown by X-ray.
=500  \\$aVita.
=504  \\$aBibliography: p. 352-353.
=650  \0$aVoice
=650  \0$aVowels
=999  \\$a641177

