=LDR  00957nam  22002895  4500
=001  000651585
=003  BIBL
=005  19980823154400.0
=008  810420c19471948pau\\\\\\b\\\\00000\eng\d
=035  9\$a651585
=035  \\$a(OCoLC)07351659
=040  \\$aPLF$cPLF$dIWA
=049  \\$aIWAA
=090  \\$aLA355$bAr58p
=100  10$aArmstrong, Thomas Fullerton,$d1905-
=245  14$aThe public educational programs of selected lay organizations in Pennsylvania.
=260  0\$a[Philadelphia]$c1947 [c1948]
=300  \\$axi, 372 p.$c22 cm.
=500  \\$aThesis--Temple Univ.
=504  \\$aBibliography: p. 346-367.
=610  20$aAmerican Legion.$bPennsylvania.
=610  20$aDaughters of the American Revolution.$bPennsylvania.
=610  20$aAmerican Association of University Women.$bPennsylvania Division
=610  20$aNational Association for the Advancement of Colored People.
=650  \0$aEducation$zPennsylvania.
=999  \\$a651585
=092  \\$a379.748$bAr58p

