=LDR  00773nam  2200253   4500
=001  000653562
=003  BIBL
=005  19980823181600.0
=008  750715s1965\\\\xx\\\\\\r\\\\\000\0\eng\d
=035  9\$a653562
=035  \\$a(OCoLC)01449228
=040  \\$aIXA$cIXA$dIWA
=049  \\$aIWAA
=090  \\$aCD80$bH6x
=100  1\$aHoccleve, Thomas,$d1370?-1450?
=245  14$aThe formulary of Thomas Hoccleve.$cBy Elna-Jean Young Bentley.
=260  \\$a[Atlanta]$c1965.
=300  \\$a2 v. (xxxvi, 1184 b.)$c29 cm.
=500  \\$aThesis--Emory University.
=504  \\$aBibliography: leaves 1176-1184.
=533  \\$aPhotocopy.$bAnn Arbor, Mich.,$cUniversity Microfilms,$d1969.$c22 cm.
=650  \0$aFormularies (Diplomatics)
=700  1\$aBentley, Elna Jean Young,$d1932-
=999  \\$a653562

