=LDR  00753nam  2200265 a 4500
=001  000658637
=003  BIBL
=005  19980824005600.0
=008  830413s1935\\\\mau\\\\\\\\\\\000\0\eng\d
=010  \\$a35005209
=035  9\$a658637
=035  \\$a(OCoLC)09404827
=040  \\$aVXJ$cVXJ$dIWA
=049  \\$aIWAA
=090  \\$aBL51$b.R145c
=100  1\$aRamige, Eldon Albert,$d1894-
=245  10$aContemporary concepts of time and the idea of God /$cby E. A. Ramige.
=260  \\$aBoston, Mass. :$bStratford company,$c[c1935]
=300  \\$aiv, 132 p. ;$c20 cm.
=500  \\$aThesis note on label mounted on t.-p.
=502  \\$aThesis (PH.D.) University of Iowa, 1933.
=504  \\$aBibliography: p. 129-132.
=650  \0$aTime
=650  \0$aGod
=999  \\$a658637

