=LDR  01021nam  2200301   4500
=001  000661110
=003  BIBL
=005  19980824043700.0
=008  750616s1927\\\\xx\\\\\\\\\\\\000\0\eng\u
=010  \\$a27021488
=035  9\$a661110
=035  \\$a(OCoLC)01393162
=040  \\$cDZM$dOCL$dIWA
=049  \\$aIWAA
=090  \\$aCB425$bSt74m3
=100  00$aStorck, John,$d1896-
=245  10$aMan and civilization;$ban inquiry into the bases of contemporary life,$cby John Storck.
=250  \\$a3d rev. ed.
=260  \\$aNew York,$bHarcourt, Brace and company$c[c1927]
=300  \\$av, 449 p.$billus., diagrs.$c22 cm.
=500  \\$aThesis (Ph. D.)--Columbia university, 1929.
=500  \\$aWithout thesis note.
=504  \\$a"References at end of each chapter.
=505  0\$apt. I. The world we live in.--pt. II. How we come to be what we are.--pt. III. Human nature and social complexes.--pt. IV. Contemporary ways of life.
=650  \0$aCivilization.
=650  \0$aSociology
=650  \0$aSocial psychology.
=999  \\$a661110

