=LDR  01089nam  2200289 a 4500
=001  000665604
=003  BIBL
=005  19980824101600.0
=008  960226s1995\\\\sw\a\\\\\b\\\\000\0\eng\d
=020  \\$a9157650330
=035  9\$a665604
=035  \\$a(OCoLC)34265833
=040  \\$aIWA$cIWA
=049  \\$aIWAA
=090  \\$aQK495.C9$bN67x 1995
=100  2\$aNordin Henriksson, Kerstin.
=245  10$aCold acclimation and expression of low-temperature-induced genes in Arabidopsis thaliana /$cKerstin Nordin Henriksson.
=260  \\$aUppsala :$bSwedish University of Agricultural Sciences, Dept. of Molecular Genetics, Uppsala Genetic Center,$c1995.
=300  \\$a1 v. (various pagings) :$bill. ;$c24 cm.
=500  \\$aThesis statement in Swedish and English abstract inserted.
=500  \\$aBased on 4 previously prepared or published papers reprinted here.
=500  \\$a"Dissertation."
=504  \\$aIncludes bibliographical references.
=650  \0$aArabidopsis thaliana$xFrost resistance.
=650  \0$aArabidopsis thaliana$xMolecular genetics.
=650  \0$aAbscisic acid
=999  \\$a665604

