=LDR  01513cam  2200325 a 4500
=001  000666139
=003  BIBL
=005  19990118140300.0
=008  960226s1995\\\\se\a\\\\\b\\\\000\0\eng\d
=035  9\$a666139
=035  \\$a(OCoLC)34265859
=040  \\$aIWA$cIWA
=049  \\$aIWAA$bPARKS
=090  \\$aQK911$bP36x, 1995
=100  1\$aPersson, Torbjörn S.
=245  10$aManagement of roadside verges :$bvegetation changes and species diversity /$cTorbjörn S. Persson.
=260  \\$aUppsala :$bSwedish University of Agricultural Sciences, Dept. of Ecology and Environmental Research, Section for Conservation Botany,$c1995.
=300  \\$a1 v. (various pagings) :$bill. ;$c24 cm.
=490  1\$aRapport / Sveriges lantbruksuniversitet, Institutionen för ekologi och miljövård,$x0348-422X ;$v82 = Report / Swedish University of Agricultural Sciences, Department of Ecology and Environmental Research ;$v82
=500  \\$aThesis statement in Swedish and English abstract inserted.
=500  \\$aBased on 5 previously prepared or published papers reprinted here.
=500  \\$a"Dissertation."
=500  \\$a"ISRN SLU-EKOMIL-R-82--SE"--P. 4 cover.
=502  \\$aThesis (doctoral)--Sveriges lantbruksuniversitet, 1995.
=504  \\$aIncludes bibliographical references.
=650  \0$aPlant communities$zSweden.
=650  \0$aVegetation dynamics$zSweden.
=650  \0$aRoadside plants$zSweden.
=830  \0$aRapport (Sveriges lantbruksuniversitet. Institutionen för ekologi och miljövård)$v82.
=999  \\$a666139

