=LDR  01043nam  2200289 a 4500
=001  000666141
=003  BIBL
=005  19980824105100.0
=008  960227s1995\\\\sw\a\\\\\b\\\\000\0\eng\d
=020  \\$a9157650268
=035  9\$a666141
=035  \\$a(OCoLC)34272536
=040  \\$aIWA$cIWA
=049  \\$aIWAV
=090  \\$aQR201.A37$bS46x 1995
=100  1\$aSjölander, Sigrid.
=245  10$aStudies on immune responses to the HIV envelope glycoprotein gp120 /$cSigrid Sjölander.
=260  \\$aUppsala :$bSwedish University of Agricultural Sciences, Dept. of Veterinary Microbiology, Section of Virology, Biomedical Center,$c1995.
=300  \\$a1 v. (various pagings) :$bill. ;$c24 cm.
=500  \\$aThesis statement in Swedish and English abstract inserted.
=500  \\$aBased on 5 previously prepared or published papers reprinted here.
=504  \\$aIncludes bibliographical references.
=650  \0$aHIV infections
=650  \0$aImmune response
=650  \0$aAntigen-antibody reactions
=650  \0$aAIDS vaccines$xTesting.
=999  \\$a666141

