=LDR  01220cam  2200301 a 4500
=001  000666142
=003  BIBL
=005  19990116030000.0
=008  951228s1995\\\\sw\a\\\\\b\\\\000\0\eng\d
=020  \\$a9157650373
=035  9\$a666142
=035  \\$a(OCoLC)33965226
=040  \\$aIWA$cIWA
=041  0\$aeng$bswe
=049  \\$aIWAV$bVET
=090  \\$aQP321$bK37x, 1995
=100  1\$aKarlström, Kristina.
=245  10$aCapillary supply, fibre type composition and enzymatic profile of equine, bovine and porcine locomotor and nonlocomotor muscles /$cKristina Karlström.
=260  \\$aUppsala :$bDept. of Medicine and Surgery, Swedish University of Agricultural Sciences,$c1995.
=300  \\$a1 v. (various pagings) :$bill. ;$c24 cm.
=500  \\$aAt head of title: From the Department of Medicine and Surgery, Faculty of Veterinary Medicine, Swedish University of Agricultural Sciences, Uppsala, Sweden.
=500  \\$aThesis statement in Swedish and English abstract inserted.
=500  \\$aBased on 5 previously prepared or published papers reprinted here.
=504  \\$aIncludes bibliographical references.
=650  \0$aMuscles
=650  \0$aMuscles$xBlood-vessels.
=650  \0$aMuscles$xMetabolism.
=999  \\$a666142

