=LDR  01384nam  2200313 a 4500
=001  000666143
=003  BIBL
=005  19980824105100.0
=008  960222s1995\\\\sw\a\\\\\b\\\\000\0\eng\d
=020  \\$a9157650292
=035  9\$a666143
=035  \\$a(OCoLC)34241028
=040  \\$aIWA$cIWA
=049  \\$aIWAV
=090  \\$aSF968$bB65x, 1995
=100  1\$aBölske, Göran.
=245  10$aRespiratory mycoplasmoses in goats :$bespecially with regard to diagnosis of contagious caprine pleuropneumonia /$cby Göran Bölske.
=260  \\$aUppsala, Sweden :$bSwedish University of Agricultural Sciences, Dept. of Veterinary Microbiology, Section of Clinical Microbiology,$c1995.
=300  \\$a1 v. (various pagings) :$bill. ;$c24 cm.
=500  \\$aAt head of title: From the Department of Veterinary Microbiology, Section of Clinical Microbiology, Swedish University of Agricultural Sciences, Uppsala, Sweden and the National Veterinary Institute, Uppsala, Sweden.
=500  \\$aThesis statement in Swedish and English abstract inserted.
=500  \\$a"Dissertation."
=500  \\$aBased on 7 previously prepared or published papers reprinted here.
=504  \\$aIncludes bibliographical references.
=650  \0$aGoats$xDiseases$xDiagnosis.
=650  \0$aPleuropneumonia$xDiagnosis.
=650  \0$aMycoplasma diseases in animals$xDiagnosis.
=650  \0$aGoats$xInfections
=999  \\$a666143

