=LDR  00902nam  2200277   4500
=001  000667592
=003  BIBL
=005  19980825201600.0
=008  751007s1967\\\\xx\\\\\\\\\\\\000\0\fre\\
=010  \\$a68005807 /CD
=035  9\$a667592
=035  \\$a(OCoLC)01683080
=040  \\$aDLC$cSNN$dIWA
=049  \\$aIWAA
=090  \\$aJN2369$bW429t
=100  1\$aWeill, Georges,$d1865-1944.
=245  14$aLes théories sur le pouvoir royal en France pendant les guerres de religion,$cpar Georges Weill.
=260  \\$aNew York,$bB. Franklin$c[1967?]
=300  \\$a315 p.$c25 cm.
=490  0\$aBurt Franklin research and source works series,$vno. 191
=500  \\$aThesis--Paris.
=502  \\$a"Originally published, Paris, 1891."
=504  \\$aBibliography: p. [299]-307. Bibliographical footnotes.
=650  \0$aPrerogative, Royal$zFrance
=651  \0$aFrance$xPolitics and government$y1562-1598
=999  \\$a667592

