=LDR  01113cam  2200301 a 4500
=001  000667776
=003  BIBL
=005  19990118140700.0
=008  951228s1995\\\\sw\a\\\\\b\\\\000\0\eng\d
=020  \\$a9157650381
=035  9\$a667776
=035  \\$a(OCoLC)33965344
=040  \\$aIWA$cIWA
=041  0\$aeng$bswe
=049  \\$aIWAV$bVET
=090  \\$aSF967.L3$bB47x 1995
=100  1\$aBergsten, Christer.
=245  10$aDigital disorders in dairy cattle with special reference to laminitis and heel horn erosion :$bthe influence of housing, management and nutrition /$cby Christer Bergsten.
=260  \\$aSkara, Sweden :$bSwedish University of Agricultural Sciences, Experimental Station, Veterinary Institute,$c1995.
=300  \\$a1 v. (various pagings) :$bill. (some col.) ;$c30 cm.
=500  \\$aAbstracts in English and Swedish.
=500  \\$aThesis based on 6 previously prepared or published articles reprinted here.
=500  \\$a"Dissertation."
=504  \\$aIncludes bibliographical references.
=650  \0$aLameness in cattle
=650  \0$aHoofs$xDiseases.
=650  \0$aCattle$xDiseases
=999  \\$a667776

