=LDR  00870nam  2200277 a 4500
=001  000668133
=003  BIBL
=005  19980825203400.0
=008  830117s1969\\\\pau\\\\\\b\\\\001\0\eng\d
=035  9\$a668133
=035  \\$a(OCoLC)09136106
=040  \\$aUND$cUND$dIWA
=043  \\$ae-uk---
=049  \\$aIWAA
=090  \\$aBJ1535.I65$bD8 1969
=100  10$aDunn, E. Catherine$q(Ellen Catherine),$d1916-
=245  14$aThe concept of ingratitude in renaissance English moral philosophy /$cby E. Catherine Dunn.
=260  \\$a[Folcroft, Pa.] :$bFolcroft Press,$c[1969].
=300  \\$axvi, 133 p. ;$c24 cm.
=490  0\$aScholar's reference library
=500  \\$aThesis (PH.D.)--Catholic university of America.
=500  \\$a"First published 1946."
=504  \\$aBibliography: p. 122-130.
=650  \0$aIngratitude
=650  \0$aEthics$zGreat Britain$xHistory.
=999  \\$a668133

