=LDR  01456nam  2200337 a 4500
=001  000669809
=003  BIBL
=005  19991025133000.0
=008  960222s1995\\\\sw\a\\\\\b\\\\000\0\eng\d
=020  \\$a9157650411
=035  9\$a669809
=035  \\$a(OCoLC)34240991
=040  \\$aIWA$cIWA
=049  \\$aIWAA
=090  \\$aSF203$bG66x, 1995
=100  1\$aGonda, Horacio Leandro.
=245  10$aNutritional status of ruminants determined from excretion and concentration of metabolites in body fluids /$cby Horacio Leandro Gonda.
=260  \\$aUppsala :$bSwedish University of Agricultural Sciences, Dept. of Animal Nutrition and Management,$c1995.
=300  \\$a1 v. (various pagings) :$bill. ;$c24 cm.
=490  1\$aRapport / Institutionen för husdjurens utfodring och vård,$x0347-9838 ;$v233 =$aReport / Swedish University of Agricultural Sciences, Department of Animal Nutrition and Management ;$v233
=500  \\$aThesis statement in Swedish and English abstract inserted.
=500  \\$aBased on 5 previously prepared or published papers reprinted here.
=500  \\$a"Dissertation."
=500  \\$a"SLU-HUV-R-233-SE."
=504  \\$aIncludes bibliographical references.
=650  \0$aDairy cattle$xFeeding and feeds
=650  \0$aDairy cattle$xNutrition.
=650  \0$aPurines$xExcretion.
=650  \0$aUrea$xExcretion.
=830  \0$aRapport (Sveriges lantbruksuniversitet. Institutionen főr husdjurens utfodring och vård)$v233.
=999  \\$a669809

