=LDR  01003cam  2200289 a 4500
=001  000669814
=003  BIBL
=005  19990921141500.0
=008  961010s1995\\\\sw\\\\\\\b\\\\000\0\eng\d
=010  \\$a96208281
=035  9\$a669814
=035  \\$a(OCoLC)35237466
=040  \\$aCU$cDLC$dIWA
=042  \\$alccopycat
=049  \\$aIWAA$bPARKS
=050  00$aHD30.35$b.F87 1995
=100  1\$aFurusten, Staffan
=245  14$aThe managerial discourse :$ba study of the creation and diffusion of popular management knowledge /$cStaffan Furusten.
=260  \\$a[Uppsala, Sweden] :$bDept. of Business Studies, Uppsala University,$c1995.
=300  \\$ax, 188 p. ;$c25 cm.
=440  \0$aDoctoral thesis$vno. 60
=500  \\$aThesis statement in Swedish and English abstract inserted.
=502  \\$aThesis (Ph.D.)--Uppsala University, 1995.
=504  \\$aIncludes bibliographical references (p. 172-187).
=650  \0$aManagement$xInformation services.
=650  \0$aManagement$xCommunication systems
=999  \\$a669814

