=LDR  01046nam  2200277 a 4500
=001  000669826
=003  BIBL
=005  19980825213200.0
=008  960227s1995\\\\sw\a\\\\\b\\\\000\0\eng\d
=020  \\$a9157650470
=035  9\$a669826
=035  \\$a(OCoLC)34272573
=040  \\$aIWA$cIWA
=049  \\$aIWAV
=090  \\$aSF985$bL86x, 1995
=100  00$aLundgren, Anna-Lena.
=245  10$aBorna disease virus infection in cats :$bon the etiopathogenesis of feline non-suppurative meningoencephalomyelitis (staggering disease) /$cAnna-Lena Lundgren.
=260  \\$aUppsala :$bSwedish University of Agricultural Sciences, Faculty of Veterinary Medicine, Dept. of Pathology,$c1995.
=300  \\$a1 v. (various pagings) :$bill. ;$c24 cm.
=500  \\$aThesis statement in Swedish and English abstract inserted.
=500  \\$aBased on 5 previously prepared of published papers reprinted here.
=500  \\$aIncludes bibliographical references.
=650  \0$aCats$xVirus diseases
=650  \0$aEncephalomyelitis
=650  \0$aVirus diseases
=999  \\$a669826

