=LDR  00761nam  2200265   4500
=001  000672342
=003  BIBL
=005  19980825225500.0
=008  720614s1960\\\\cau\\\\\\b\\\\000\0\eng\u
=010  \\$a60013868
=035  9\$a672342
=035  \\$a(OCoLC)00332293
=040  \\$cOUN$dSER$dIWA
=049  \\$aIWAA
=090  \\$aJN5651$bW397c
=100  1\$aWebster, Richard A.,$d1928-
=245  14$aThe cross and the fasces;$bChristian democracy and fascism in Italy.
=260  \\$aStanford, Calif.,$bStanford University Press,$c1960.
=300  \\$axiii, 229 p.$c23 cm.
=500  \\$aThesis--Columbia University.
=504  \\$aBibliography: p. [215]-224.
=650  \0$aCenter parties$zItaly.
=650  \0$aFascism$zItaly
=650  \0$aChristian democracy
=999  \\$a672342

