=LDR  01126nam  2200289 a 4500
=001  000673195
=003  BIBL
=005  19980825232300.0
=008  960226s1995\\\\sw\a\\\\\b\\\\000\0\eng\d
=020  \\$a9157650527
=035  9\$a673195
=035  \\$a(OCoLC)34265806
=040  \\$aIWA$cIWA
=049  \\$aIWAA
=090  \\$aQR82.E6$bH45x 1995
=100  1\$aHeikinheimo, Riikka.
=245  10$aRegulation and characterization of the virulence determinants of the plant pathogen Erwinia carotovora subsp. carotovora /$cRiikka Heikinheimo.
=260  \\$aUppsala :$bDept. of Molecular Genetics, Uppsala Genetic Center, Swedish University of Agricultural Sciences,$c1995.
=300  \\$a1 v. (various pagings) :$bill. ;$c24 cm.
=500  \\$aSwedish statement in Swedish and English abstract inserted.
=500  \\$aThesis based on 5 previously prepared or published papers reprinted here.
=500  \\$a"Academic dissertation."
=504  \\$aIncludes bibliographical references.
=650  \0$aErwinia carotovora$xGenetics.
=650  \0$aPhytopathogenic bacteria$xMolecular aspects
=650  \0$aVirulence (Microbiology)
=999  \\$a673195

