=LDR  00888nam  2200265u  4500
=001  000675357
=003  BIBL
=005  19990223091400.0
=008  930929s1962\\\\dcua\\\\\b\\\f000\0\eng\d
=035  9\$a675357
=035  \\$a(OCoLC)28908559
=040  \\$aORX$cORX$dIWA
=043  \\$an-us---
=049  \\$aIWAA
=090  \\$aJK1158$bSw24u
=100  00$aSwanstrom, Roy.
=245  14$aThe United States Senate, 1787-1801;$ba dissertation on the first fourteen years of the upper legislative body.
=260  \\$aWashington, D.C.,$bU.S. Govt. Print. Off.,$c1962.
=300  \\$avi, 325 p.$btables.$c24 cm.
=490  1\$a87th Congress. 1st Session. Senate. Document$vno. 64
=500  \\$aThesis--University of California.
=504  \\$aBibliography : p. 318-325.
=610  10$aUnited States.$bCongress.$bSenate.
=830  \0$aSenate document (United States. Congress. Senate)$vno. 64.
=999  \\$a675357

