=LDR  01006cam  2200301 a 4500
=001  000676397
=003  BIBL
=005  19990118142700.0
=008  960221s1995\\\\sw\a\\\\\b\\\\000\0\eng\d
=020  \\$a9157650543
=035  9\$a676397
=035  \\$a(OCoLC)34233124
=040  \\$aIWA$cIWA
=049  \\$aIWAA$bPARKS
=090  \\$aSF396.9$bM65x, 1995
=100  1\$aMoller, Maria.
=245  10$aComparative genome analysis in the pig /$cMaria Moller.
=260  \\$aUppsala, Sweden :$bSwedish University of Agricultural Sciences, Dept. of Animal Breeding and Genetics,$c1995.
=300  \\$a1 v. (various pagings) :$bill. (some col.) ;$c24 cm.
=500  \\$aThesis statement in Swedish and English abstract inserted.
=500  \\$aBased on 7 previously prepared or published papers reprinted here.
=500  \\$a"Dissertation."
=504  \\$aIncludes bibliographical references.
=650  \0$aSwine$xBreeding
=650  \0$aSwine$xGenome mapping.
=650  \0$aGenomes
=650  \0$aGene mapping
=999  \\$a676397

