=LDR  01368nam  2200301 a 4500
=001  000676603
=003  BIBL
=005  19980826011200.0
=008  960221s1995\\\\sw\a\\\\\b\\\\000\0\eng\d
=020  \\$a9157650446
=035  9\$a676603
=035  \\$a(OCoLC)34233190
=040  \\$aIWA$cIWA
=049  \\$aIWAV
=090  \\$aSF768.3$bT78x, 1995
=100  1\$aTsuma, Victor T.
=245  10$aClinical and endocrine studies in primiparous sows :$beffects of weaning during lactation and of group housing and fasting during early pregnancy /$cby Victor T. Tsuma.
=260  \\$aUppsala, Sweden :$bDept. of Obstetrics and Gynaecology, Faculty of Veterinary Medicine, Swedish University of Agricultural Sciences,$c1995.
=300  \\$a1 v. (various pagings) :$bill. ;$c24 cm.
=500  \\$aAt head of title: From the Department of Obstetrics and Gynaecology, the Department of Physiology, and the Department of Clinical Chemistry, Faculty of Veterinary Medicine, Swedish University of Agricultural Sciences, Uppsala, Sweden.
=500  \\$aBased on 5 previously prepared or published papers reprinted here.
=500  \\$aThesis statement in Swedish and English abstract inserted.
=504  \\$aIncludes bibliographical references.
=650  \0$aVeterinary endocrinology
=650  \0$aSows$xPhysiology.
=650  \0$aSwine$xReproduction.
=650  \0$aSexual cycle
=999  \\$a676603

