=LDR  01215nam  22002895  4500
=001  000677315
=003  BIBL
=005  19980826013500.0
=008  820612s1914\\\\nyu\\\\\\\\\\\000\0\eng\d
=035  9\$a677315
=035  \\$a(OCoLC)08514191
=040  \\$aPLF$cPLF$dIWA
=049  \\$aIWAA
=090  \\$aJV7618.N7$bJ63h
=100  1\$aJohnson, Stanley Currie,$d1878-
=245  10$aHistory of emigration from the United Kingdom to North America, 1763-1912.
=260  \\$aLondon,$bG. Routledge & sons, limited,$aNew York,$bDutton,$c1914.
=300  \\$axvi, 387 p.$bincl tables.$c22 cm.
=490  1\$aStudies in economics and political science ...$vNo. 34 in the series of monographs by writers connected with the London schoool of economics and political science.
=500  \\$aThesis (D. SC.)--University of London.
=504  \\$a"Bibliography on emigration from the United Kingdom to North America 1783-1911": p. 356-378.
=651  \0$aUnited States$xEmigration and immigration$xHistory
=651  \0$aCanada$xEmigration and immigration$xHistory.
=651  \0$aGreat Britain$xEmigration and immigration$xHistory.
=830  \0$aStudies in economics and political science.$vno. 34.
=999  \\$a677315
=092  \\$a325.2$bJ63

