=LDR  01327cam  2200301 a 4500
=001  000678303
=003  BIBL
=005  19990118143200.0
=008  960315s1995\\\\sw\a\\\\\b\\\\000\0\eng\d
=020  \\$a9157650608
=035  9\$a678303
=035  \\$a(OCoLC)34374373
=040  \\$aIWA$cIWA
=049  \\$aIWAA$bPARKS
=090  \\$aQH455$bJ67x, 1995
=100  1\$aJorjani, Hossein.
=245  10$aGenetic studies of assortative mating in selected and unselected populations /$cby Hossein Jorjani.
=260  \\$aUppsala :$bSwedish University of Agricultural Sciences, Dept. of Animal Breeding and Genetics,$c1995.
=300  \\$a1 v. (various pagings) :$bill. ;$c24 cm.
=490  1\$aRapport / Institutionen för husdjursfördling och sjukdomsgenetik,$x0347-9706 ;$v122 = Publication / Swedish University of Agricultural Sciences, Department of Animal Breeding and Genetics ;$vno. 122
=500  \\$aThesis statement in Swedish and English abstract inserted.
=500  \\$aBased on 4 previously prepared or published papers reprinted here.
=500  \\$a"Dissertation."
=500  \\$a"ISRN SLU-HFS-R-122-SE."
=504  \\$aIncludes bibliographical references.
=650  \0$aPopulation genetics
=830  \0$aRapport (Sveriges lantbruksuniversitet. Institutionen för husdjursförädling och sjukdomsgenetik)$vno. 122.
=999  \\$a678303

