=LDR  01107nam  2200313   4500
=001  000679630
=003  BIBL
=005  19980826025100.0
=008  771028s1934\\\\dcu\\\\\\\\\\\000\0\eng\\
=010  \\$a34032533
=035  9\$a679630
=035  \\$a(OCoLC)03375931
=040  \\$aDLC$cKKU$dIWA
=049  \\$aIWAA
=090  \\$aBV2803.C2$bG2s
=100  1\$aGeary, Gerald Joseph,$d1905-
=245  14$aThe secularization of the California missions (1810-1846),$cby Gerald J. Geary.
=260  \\$aWashington, D. C.,$bThe Catholic University of America,$c1934.
=300  \\$ax, 204 p., 1 l.$c23 cm.
=490  1\$aThe Catholic University of America. Studies in American church history,$vv. 17
=500  \\$aThesis (PH. D.)--Catholic University of America, 1934.
=504  \\$aBibliography: p. 191-201.
=610  20$aCatholic Church$xMissions$zCalifornia.
=650  \0$aMissions$zCalifornia.
=650  \0$aSecularization
=650  \0$aChurch and state$zCalifornia.
=651  \0$aCalifornia$xHistory$yTo 1846
=810  2\$aCatholic University of America.$tStudies in American church history$vv. 17.
=999  \\$a679630

