=LDR  01390nam  2200337 a 4500
=001  000681848
=003  BIBL
=005  19980826040300.0
=008  960227s1995\\\\sw\a\\\\\b\\\\000\0\eng\d
=020  \\$a9157650705
=035  9\$a681848
=035  \\$a(OCoLC)34272555
=040  \\$aIWA$cIWA
=049  \\$aIWAA
=090  \\$aQR89.5$bS36x, 1995
=100  00$aSchnürer, Anna.
=245  10$aSyntropic acetate oxidation in ammonium-enriched methalogenic systems :$borganisms and pathways /$cAnna Schnürer.
=260  \\$aUppsala :$bDept. of Microbiology, Swedish University of Agricultural Sciences,$c1995.
=300  \\$a1 v. (various pagings) :$bill. ;$c24 cm.
=490  1\$aRapport / Institutionen för mikrobiologi, Uppsala genetikcentrum,$x0348-4041 ;$v62 = Report / Swedish University of Agricultural Sciences, Department of Microbiology, Uppsala Genetic Center ;$v62
=500  \\$aThesis statement in Swedish and English abstract inserted.
=500  \\$aBased on 5 previously prepared or published papers reprinted here.
=500  \\$a"Dissertation."
=500  \\$a"ISRN SLU-MIKRO-R--62--SE."
=504  \\$aIncludes bibliographical references.
=650  \0$aAnaerobic bacteria
=650  \0$aBiogas
=650  \0$aOrganic wastes$xMetabolism.
=650  \0$aAcetates$xMetabolism.
=830  \0$aRapport (Sveriges lantbruksuniversitet. Institutionen för mikrobiologi)$v62.
=999  \\$a681848

