=LDR  00895cam  2200277   4500
=001  000682738
=003  BIBL
=005  19990331143300.0
=008  780202s1947\\\\dk\a\\\\\b\\\\000\0\eng\d
=010  \\$a50032485
=035  9\$a682738
=035  \\$a(OCoLC)03599920
=040  \\$aGAT$cGAT$dIWA
=041  1\$aengdan$bdan
=090  \\$aTK7872.A5$bK851t
=100  1\$aKrabbe, Ulrik.
=245  14$aThe transductor amplifier;$bits manner of action and comments on its use for automatic regulation.$cWith an appendix including A. Ytterberg's theory of automatic regulation.
=260  \\$a[Copenhagen,$bMunksgaard,$c1947]
=300  \\$a176 p.$billus.$c29 cm.
=500  \\$aThesis--Danmarks Tekniske Højskole.
=500  \\$aWithout thesis statement.
=500  \\$aSummary in Danish.
=504  \\$aBibliography: p. 166-167.
=650  \0$aAmplifiers, Vacuum-tube
=700  1\$aYtterberg, Arle.
=999  \\$a682738

