=LDR  00796nam  2200265   4500
=001  000693023
=003  BIBL
=005  19980826102900.0
=008  770121s1952\\\\nyu\\\\\\b\\\\001\0dspa\\
=010  \\$aa 52008754
=035  9\$a693023
=035  \\$a(OCoLC)02694054
=040  \\$aDLC$cTXJ$dm/c$dIWA
=049  \\$aIWAA
=090  \\$aPQ8096.O5$bA8
=100  1\$aDinamarca, Salvador,$d1897-
=245  10$aEstudio de "Arauco domado"$cde Pedro de Oña.
=260  \\$aNew York,$bHispanic Institute in the United States,$c1952.
=300  \\$a252 p.$c26 cm.
=500  \\$aThesis--Columbia University.
=500  \\$aWithout thesis statement.
=504  \\$aBibliography: p. 223-245.
=600  10$aOña, Pedro de,$d1570?-1643?$tArauco domado.
=710  20$aHispanic Institute in the United States
=999  \\$a693023

