=LDR  00979nam  2200289 a 4500
=001  000693106
=003  BIBL
=005  19980826103300.0
=008  960327s1995\\\\sw\a\\\\\b\\\\000\0\eng\d
=020  \\$a9157650748
=035  9\$a693106
=035  \\$a(OCoLC)34468960
=040  \\$aIWA$cIWA
=049  \\$aIWAA
=090  \\$aS592.7$bS56x, 1995
=100  1\$aSjöqvist, Tore.
=245  10$aSoil biochemical and microbial activities as affected by heavy metals and liming /$cTore Sjöqvist.
=260  \\$aUppsala :$bSwedish University of Agricultural Sciences, Dept. of Chemistry,$c1995.
=300  \\$a1 v. (various pagings) :$bill. ;$c24 cm.
=500  \\$aThesis statement in Swedish and English abstract inserted.
=500  \\$aBased on 4 previously prepared papers reprinted here.
=504  \\$aIncludes bibliographical references.
=650  \0$aSoil biochemistry
=650  \0$aSoil microbiology
=650  \0$aSoils$xHeavy metal content
=650  \0$aLiming of soils
=999  \\$a693106

