=LDR  01035nam  2200277 a 4500
=001  000693109
=003  BIBL
=005  19980826103300.0
=008  960327s1996\\\\sw\a\\\\\b\\\\000\0\eng\d
=020  \\$a9157650713
=035  9\$a693109
=035  \\$a(OCoLC)34468969
=040  \\$aIWA$cIWA
=049  \\$aIWAV
=090  \\$aSF757.5$bB33x, 1996
=100  00$aBäcklin, Britt-Marie.
=245  10$aStudies on reproduction in female mink (Mustela vison) exposed to polychlorinated biphenyls /$cBritt-Marie Bäcklin.
=260  \\$aUppsala :$bSwedish University of Agricultural Sciences, Faculty of Veterinary Medicine, Dept. of Pathology,$c1996.
=300  \\$a1 v. (various pagings) :$bill. ;$c24 cm.
=500  \\$aThesis statement in Swedish and English abstract inserted.
=500  \\$aBased on 6 previously prepared or published papers reprinted here.
=500  \\$aIncludes bibliographical references.
=650  \0$aVeterinary toxicology
=650  \0$aPolychlorinated biphenyls$xToxicology.
=650  \0$aMinks$xReproduction.
=999  \\$a693109

