=LDR  00881nam  2200301 i 4500
=001  000693899
=003  BIBL
=005  19980826105900.0
=008  750716s1974\\\\fr\\\\\\\b\\\\001\0\fre\\
=010  \\$a75509133 //r84
=015  \\$aF***
=020  \\$c42.00F
=035  9\$a693899
=035  \\$a(OCoLC)01585075
=040  \\$aDLC$cDLC$dIWA
=049  \\$aIWAA
=050  0\$aB2430.B43$bM444
=100  1\$aMilet, Jean.
=245  10$aBergson et le calcul infinitésimal :$bou, La raison et le temps /$cJean Milet ; préf. de Jean Ullmo.
=250  \\$a1. ed.
=260  \\$aParis :$bPresses universitaires de France,$c1974.
=300  \\$a184 p. ;$c22 cm.
=490  0\$aBibliothèque de philosophie contemporaine
=500  \\$aThesis (thèse compleméntaire) - Paris.
=504  \\$aBibliography: p. [167]-178.
=600  10$aBergson, Henri,$d1859-1941
=650  \0$aCalculus
=999  \\$a693899

