=LDR  00806nam  22003011i 4500
=001  000694885
=003  BIBL
=005  19980826112100.0
=008  780919s1973\\\\sz\\\\\\\b\\\\000\0\ger\\
=010  \\$a75537700
=015  \\$aSw73-A-6316
=020  \\$a3260035702 :$c20.00F
=035  9\$a694885
=035  \\$a(OCoLC)07733242
=040  \\$aDLC$cDLC$dIWA
=049  \\$aIWAA
=050  0\$aBH301.C7$bM8 1973
=100  1\$aMüller, Rolf Arnold,$d1942-
=245  10$aKomik und Satire /$cvorgelegt von Rolf Arnold Müller.
=260  \\$aZürich :$bJuris-Verlag,$c1973.
=300  \\$a93 p. ;$c23 cm.
=500  \\$aOriginally presented as the author's thesis, Zürich.
=500  \\$aThesis t.p.
=500  \\$aVita.
=504  \\$aBibliography: p. 86-88.
=650  \0$aComic, The
=650  \0$aSatire
=999  \\$a694885

