=LDR  00700nam  2200241 a 4500
=001  000696832
=003  BIBL
=005  19980826120300.0
=008  890316s1928\\\\xx\\\\\\r\\\\\000\0\eng\d
=035  9\$a696832
=035  \\$a(OCoLC)19370013
=040  \\$aMFS$cMFS$dIWA
=049  \\$aIWAA
=090  \\$aJN2415$b1484, H4x
=100  1\$aHeyns, Garrett,$d1891-1969.
=245  14$aThe Estates General of 1484 /$cby Garrett Heyns.
=260  \\$c1928.
=300  \\$a124 leaves.
=500  \\$aThesis--University of Michigan.
=504  \\$aBibliography: leaves 115-124.
=533  \\$aPhotocopy.$bAnn Arbor, Mich. :$cUniversity Microfilms,$d1970.
=651  \0$aFrance$xPolitics and government$y1328-1589
=999  \\$a696832

