=LDR  00897nam  2200277 a 4500
=001  000701912
=003  BIBL
=005  19980826133900.0
=008  850326s1957\\\\fr\bf\\\\b\\\\001\0\lat\d
=035  9\$a701912
=035  \\$a(OCoLC)11851700
=040  \\$aMOU$cMOU$dIWA
=041  0\$alatfre
=049  \\$aIWAA
=090  \\$aDC611.C52$bH57x 1957
=245  00$aHistoria pontificum et comitum Engolismensium /$céd. critique par Jacques Boussard.
=260  \\$aParis :$bLibrairie d'Argences,$c1957.
=300  \\$alxxviii, 60 p., [2] leaves of plates :$bill., maps ;$c25 cm.
=490  0\$aBibliothèque elzévirienne. Nouvelle série. Études et documents
=500  \\$aIncludes index.
=500  \\$aThesis (thèse complémentaire)--Paris.
=500  \\$aFrench and Latin.
=504  \\$aBibliography: p. [vii]-xii.
=651  \0$aAngoumois (France)$xHistory.
=700  1\$aBoussard, Jacques.
=999  \\$a701912

