=LDR  01198nam  2200313 a 4500
=001  000705443
=003  BIBL
=005  19980826145000.0
=008  960422s1996\\\\se\a\\\\\b\\\\000\0\eng\d
=020  \\$a9157650756
=035  9\$a705443
=035  \\$a(OCoLC)34607398
=040  \\$aIWA$cIWA
=049  \\$aIWAA
=090  \\$aHD2017$bJ66x, 1996
=100  00$aJonasson, Lars.
=245  10$aMathematical programming for sector analysis :$bsome applications, evaluation and methodological proposals /$cLars Jonasson.
=260  \\$aUppsala :$bSwedish University of Agricultural Sciences, Dept. of Economics,$c1996.
=300  \\$a1 v. (various pagings) :$bill. ;$c24 cm.
=490  1\$aAvhandlingar =$aDissertations,$x0284-4842 ;$v18
=500  \\$aThesis statement in Swedish and English abstract inserted.
=500  \\$aBased on 5 previously prepared or published papers reprinted here.
=502  \\$aThesis (doctoral)--Sveriges lantbruksuniversitet, 1996.
=504  \\$aIncludes bibliographical references.
=650  \0$aAgriculture$xEconomic aspects$zSweden.
=650  \0$aAgricultural productivity$zSweden.
=650  \0$aNonparametric statistics
=650  \0$aProgramming, Mathematics.
=999  \\$a705443

