=LDR  01351nam  2200337 a 4500
=001  000705446
=003  BIBL
=005  19991025134100.0
=008  960402s1995\\\\sw\a\\\\\b\\\\000\0\eng\d
=035  9\$a705446
=035  \\$a(OCoLC)34503362
=040  \\$aIWA$cIWA
=049  \\$aIWAA
=090  \\$aSF91$bM36x, 1995
=100  00$aMårtensson, Lennart.
=245  10$aConcentrations of dust, endotoxin and organic acids in confined animal buildings /$cLennart Mårtensson.
=260  \\$aLund :$bSveriges lantbruksuniversitet, Institutionen för jordbrukets biosystem och teknologi,$c1995.
=300  \\$a1 v. (various pagings) :$bill. ;$c25 cm.
=490  1\$aRapport / JBT,$x1104-7313 ;$v103 = Report / JBT ;$v103
=500  \\$aThesis statement in Swedish and English abstract inserted.
=500  \\$aBased on 5 previously prepared or published papers reprinted here.
=500  \\$a"Dissertation."
=500  \\$a"SLU-JBT-R--103--SE."
=504  \\$aIncludes bibliographical references.
=650  \0$aLivestock$xHousing$xEnvironmental aspects.
=650  \0$aAnimal housing$xEnvironmental aspects.
=650  \0$aDust$xHealth aspects.
=650  \0$aEndotoxins$xHealth aspects.
=650  \0$aOrganic acids$xHealth aspects.
=830  \0$aRapport (Sveriges lantbruksuniversitet. Institutionen főr jordbrukets biosystem och teknologi)$v103.
=999  \\$a705446

