=LDR  00713nam  2200253   4500
=001  000709716
=003  BIBL
=005  19980826161300.0
=008  750220s1968\\\\xx\\\\\\\\\\\\000\0\spa\d
=010  \\$a72379580
=035  9\$a709716
=035  \\$a(OCoLC)01183137
=040  \\$aIUA$cIUA$dSOI$dCNE$dIWA
=049  \\$aIWAA
=090  \\$aPQ8179.R54$bZ7
=100  2\$aHerrera Molina, Luis Carlos,$d1926-
=245  10$aJosé Eustasio Rivera, poeta de promisión.
=260  \\$aBogotá,$c1968.
=300  \\$axv, 262 p.$bfacsim.$c24 cm.
=500  \\$aThesis--Universidad Central de Madrid.
=504  \\$aBibliography: p. [253]-262.
=600  10$aRivera, José Eustasio,$d1888-1928
=999  \\$a709716
=092  \\$a868.9936$bR621Bh

