=LDR  00905cam  2200265 a 4500
=001  000716090
=003  BIBL
=005  19990119224800.0
=008  900330s1962\\\\xx\\\\\\r\\\\\000\0\eng\d
=035  9\$a716090
=035  \\$a(OCoLC)21287819
=040  \\$aCSU$cCSU$dIWA
=049  \\$aIWAA$bPARKS
=090  \\$aQK495.T95$bM354s
=100  1\$aMarsh, Leland C.,$d1928-
=245  10$aStudies in the genus Typha /$cby Leland C. Marsh.
=260  \\$c1962.
=300  \\$a126 leaves :$bill. ;$c23 cm.
=500  \\$aThesis (Ph.D.)--Syracuse University, 1962.
=504  \\$aBibliography: leaves 120-125.
=505  0\$aI. Metaxenia, xenia, and heterosis -- II. Interspecific hybridization and the origin of T. glauca -- III. Autoecology, with special reference to the role of aerenchyma.
=533  \\$aPhotocopy.$bAnn Arbor, Mich :$cUniversity Microfilms,$d1964.
=650  \0$aTypha
=650  \0$aHeterosis
=999  \\$a716090

