=LDR  01432nam  2200337 a 4500
=001  000717148
=003  BIBL
=005  19991025133000.0
=008  960409s1996\\\\sw\a\\\\\b\\\\000\0\eng\d
=020  \\$a9157650829
=035  9\$a717148
=035  \\$a(OCoLC)34533708
=040  \\$aIWA$cIWA
=049  \\$aIWAA
=090  \\$aSF494.5$bA27x, 1996
=100  1\$aAbrahamsson, Per.
=245  10$aFurnished cages and aviaries for laying hens :$beffects on production, health and use of facilities /$cby Per Abrahamsson.
=260  \\$aUppsala :$bSwedish University of Agricultural Sciences, Dept. of Animal Nutrition and Management,$c[1996]
=300  \\$a1 v. (various pagings) :$bill. ;$c24 cm.
=490  1\$aRapport / Institutionen för husdjurens utfodring och vård,$x0347-9838 ;$v234 = Report / Swedish University of Agricultural Sciences, Department of Animal Nutrition and Management ;$v234
=500  \\$aAbstracts in English and Swedish.
=500  \\$aThesis statement in Swedish and English abstract inserted.
=500  \\$aBased on 6 previously prepared or published papers reprinted here.
=500  \\$a"Dissertation."
=500  \\$a"ISRN SLU-HUV-R--234--SE."
=504  \\$aIncludes bibliographical references.
=650  \0$aPoultry$xHousing
=650  \0$aChickens$xHousing
=650  \0$aBirdcages
=830  \0$aRapport (Sveriges lantbruksuniversitet. Institutionen főr husdjurens utfodring och vård)$v234.
=999  \\$a717148

