=LDR  01438nam  2200289 a 4500
=001  000717154
=003  BIBL
=005  19980826191100.0
=008  960411s1996\\\\sw\a\\\\\b\\\\000\0\eng\d
=020  \\$a9157650780
=035  9\$a717154
=035  \\$a(OCoLC)34552026
=040  \\$aIWA$cIWA
=049  \\$aIWAV
=090  \\$aQP188.T54$bF45x 1996
=100  1\$aFeinstein, Ricardo Ernesto.
=245  14$aThe thyroidal C cells and calcitonin in laboratory animals :$bestimation of C cells numbers, the influence of blood sampling procedures on serum calcitonin and the effect on the C cells of high 131I doses to the thyroid /$cRicardo Ernesto Feinstein.
=260  \\$aUppsala :$bDept. of Pathology, Swedish University of Agricultural Sciences :$bDept. of Pathology, National Veterinary Institute,$c1996.
=300  \\$a1 v. (various pagings) :$bill. ;$c24 cm.
=500  \\$aThesis statement in Swedish and English abstract inserted.
=500  \\$aAt head of title: From the Department of Patholgy, Swedish University of Agricultural Sciences, the Department of Pathology, the National Veterinary Institute and the Department of Pathology, University of Uppsala.
=500  \\$aBased on 4 previously prepared or published papers reprinted here.
=502  \\$aThesis (doctoral)--Sveriges lantbruksuniversitet, 1996.
=504  \\$aIncludes bibliographical references.
=650  \0$aThyroid gland$xPhysiology.
=650  \0$aCalcitonin
=999  \\$a717154

