=LDR  00976nam  2200289 a 4500
=001  000718889
=003  BIBL
=005  19980826194600.0
=008  960422s1996\\\\se\a\\\\\b\\\\000\0\eng\d
=020  \\$a9157650772
=035  9\$a718889
=035  \\$a(OCoLC)34607423
=040  \\$aIWA$cIWA
=049  \\$aIWAA
=090  \\$aSB608.W5$bD58x 1996
=100  1\$aDjurle, Annika.
=245  10$aGlume blotch, wheat, weather and field conditions /$cAnnika Djurle.
=260  \\$aUppsala :$bSwedish University of Agricultural Sciences, Dept. of Plant Pathology, /$c1996.
=300  \\$a1 v. (various pagings) :$bill. ;$c24 cm.
=500  \\$aThesis statement in Swedish and English abstract inserted.
=500  \\$aBased on 4 previously prepared or published papers reprinted here.
=500  \\$a"Dissertation."
=504  \\$aIncludes bibliographical references.
=650  \0$aWheat glume blotch
=650  \0$aWheat$xDiseases and pests
=650  \0$aFungal diseases of plants
=999  \\$a718889

