=LDR  00945nam  2200337   4500
=001  000720206
=003  BIBL
=005  19980826202900.0
=008  750318s1928\\\\nyu\\\\\\\\\\\000\0\eng\u
=010  \\$a29004068
=035  9\$a720206
=035  \\$a(OCoLC)01221508
=040  \\$cOUN$dCHS$dOCL$dIWA
=049  \\$aIWAA
=090  \\$aGN482$bM616c
=100  00$aMiller, Nathan,$d1900-
=245  14$aThe child in primitive society,$cby Nathan Miller.
=260  \\$aNew York,$bBrentano's,$c1928.
=300  \\$av, 307 p.$c23 cm.
=490  0\$aLibrary of educational psychology
=500  \\$aPrinted in Great Britain.
=500  \\$aThesis (Ph.D.)--Yale university, 1925.
=500  \\$aWithout thesis note.
=504  \\$aBibliography: p. 287-302.
=650  \0$aChildren
=650  \0$aPrimitive societies
=650  \2$aChild development
=650  \2$aChild rearing
=650  \2$aAnthropology, Cultural
=999  \\$a720206
=096  \\$aGN 482 M649c 1925

