=LDR  00858nam  2200265 a 4500
=001  000727755
=003  BIBL
=005  19980827011100.0
=008  850213s1925\\\\iau\\\\\\\\\\\000\0\eng\c
=010  \\$a27019738
=035  9\$a727755
=035  \\$a(OCoLC)11691925
=040  \\$aUniv. of Iowa Libr.$cVXW$dOCL$dIWA
=049  \\$aIWAA
=090  \\$aJV562$bSa46a
=100  1\$aSamonte, Vedasto José,$d1900-
=245  14$aThe American system of colonial administration /$cby Vedasto José Samonte.
=260  \\$aIowa City, Ia. :$bThe State University of Iowa,$c1925.
=300  \\$avii, 202 p. ;$c24 cm.
=500  \\$aThesis note on label mounted on cover.
=502  \\$aThesis (Ph. D.)--University of Iowa, 1925.
=504  \\$aBibliography : p. [181]-202.
=651  \0$aUnited States$xColonial question
=651  \0$aUnited States$xInsular possessions
=999  \\$a727755

