=LDR  00773nam  2200277   4500
=001  000729308
=003  BIBL
=005  19980827022500.0
=008  750108s1954\\\\xx\\\\\\\\\\\\000\0\eng\c
=010  \\$a55000135
=035  9\$a729308
=035  \\$a(OCoLC)01134303
=040  \\$aCIN$cCIN$dIWA
=043  \\$an-us---
=049  \\$aIWAA
=090  \\$aD570$bB176a
=100  1\$aBaker, Roscoe.
=245  14$aThe American Legion and American foreign policy.
=260  \\$aNew York,$bBookman Associates$c[1954]
=300  \\$a329 p.$billus.$c23 cm.
=500  \\$aThesis - Northwestern University.
=500  \\$aWithout thesis statement.
=504  \\$aBibliography: p. [287]-304.
=610  20$aAmerican Legion
=651  \0$aUnited States$xForeign relations$y20th century
=999  \\$a729308

