=LDR  00915nam  2200289 a 4500
=001  000731404
=003  BIBL
=005  20030827164800.0
=008  960422s1995\\\\dk\a\\\\\b\\\\000\0\eng\d
=020  \\$a8772881437
=035  9\$a731404
=035  \\$a(OCoLC)34607360
=040  \\$aIWA$cIWA
=041  0\$aeng$bdan
=049  \\$aIWAV
=090  \\$aQL938.H56$bH65x 1995
=100  00$aHolm, Ida Elisabeth.
=245  14$aThe hippocampal region of the domestic pig :$ba histochemical, immunocytochemical, and morphometrical study /$cIda Elisabeth Holm.
=260  \\$aAarhus :$bAarhus University Press,$c1995.
=300  \\$a77 p. :$bill. ;$c24 cm.
=500  \\$aSummary in Danish.
=500  \\$aThesis based on 7 previously published papers.
=500  \\$a"Afhandlinger fra Aarhus Universitet."
=504  \\$aIncludes bibliographical references.
=650  \0$aHippocampus (Brain)
=650  \0$aSwine$xAnatomy
=999  \\$a731404

