=LDR  00868nam  2200265   4500
=001  000731788
=003  BIBL
=005  19980827043100.0
=008  730607s1972\\\\ii\ab\\\\b\\\\001\0\eng\\
=010  \\$a72906187 /SA
=035  9\$a731788
=035  \\$a(OCoLC)00666951
=040  \\$aDLC$cDLC$dm.c.$dIWA
=043  \\$aa-ii---
=049  \\$aIWAA
=050  0\$aDS425$b.S33
=100  1\$aSharma, Brijendra Nath,$d1936-
=245  10$aSocial and cultural history of northern India, c. 1000-1200 A.D.$cWith a foreword by C. Sivaramamurti.
=250  \\$a[1st ed.]
=260  \\$aNew Delhi,$bAbhinav Publications$c[1972]
=300  \\$axxiv, 219 p., [30] p. of illus.$bmap.$c25 cm.
=500  \\$a"Thesis approved for the Degree of Doctor of Philosophy in the University of Delhi, 1968."
=504  \\$aBibliography: p. 190-204.
=651  \0$aIndia$xCivilization$yTo 1200
=999  \\$a731788

