=LDR  00829nam  22002771  4500
=001  000731791
=003  BIBL
=005  19980827043100.0
=008  740328s1966\\\\ii\\\\\\\b\\\\000\0\eng\\
=010  \\$asa 67002017
=025  \\$aPL480:I-E-7589
=035  9\$a731791
=035  \\$a(OCoLC)00337655
=040  \\$aDLC$cDLC$dIWA
=043  \\$aa-ii---
=049  \\$aIWAA
=090  \\$aDS425$bS52x
=100  00$aSharma, Brij Narain.
=245  10$aSocial life in Northern India, A.D. 600-1000.$cWith a foreword by A. L. Basham.
=250  \\$a[1st ed.]
=260  \\$aDelhi,$bMunshiram Manoharlal$c[1966]
=300  \\$axviii, 390 p.$c22 cm.
=500  \\$a"Thesis approved for the degree of Doctor of Philosophy in the University of Delhi, 1961."
=504  \\$aBibliography: p. [363]-373.
=651  \0$aIndia$xSocial conditions
=999  \\$a731791

