=LDR  00770nam  2200265   4500
=001  000733317
=003  BIBL
=005  19980827055000.0
=008  750826s1969\\\\xx\\\\\\\\\\\\000\0\eng\d
=035  9\$a733317
=035  \\$a(OCoLC)01572985
=040  \\$aCIN$cCIN$dIWA
=049  \\$aIWAA
=090  \\$aDA765$b.M4 1969
=100  10$aMeikle, Henry W.$q(Henry William),$d1880-1958.
=245  10$aScotland and the French revolution.
=260  \\$aLondon,$bF. Cass,$c1969.
=300  \\$axix, 317 p.$c22 cm.
=500  \\$aReprint of the 1912 ed.
=500  \\$aThesis--Edinburgh.
=504  \\$aBibliography: p. [282]-307.
=651  \0$aScotland$xHistory$y18th century
=651  \0$aScotland$xHistory$y19th century
=651  \0$aFrance$xHistory$yRevolution, 1789-1799
=999  \\$a733317

