=LDR  01143cam  2200289 a 4500
=001  000733854
=003  BIBL
=005  19990119230900.0
=008  960514s1996\\\\se\a\\\\\b\\\\000\0\eng\d
=020  \\$a9157651043
=035  9\$a733854
=035  \\$a(OCoLC)34725605
=040  \\$aIWA$cIWA
=049  \\$aIWAV$bVET
=090  \\$aSF995.6.C3$bB47x 1996
=100  1\$aBerndtson, Eva.
=245  10$aCampylobacter in broiler chickens :$bthe mode of spread in chicken flocks with special reference to food hygiene /$cEva Berndtson.
=260  \\$aUppsala :$bSwedish University of Agricultural Sciences, Dept. of Food Hygiene, Faculty of Veterinary Medicine,$c1996.
=300  \\$a1 v. (various pagings) :$bill. ;$c24 cm.
=500  \\$aThesis statement in Swedish and English abstract inserted.
=500  \\$aBased on 6 previously prepared or published papers reprinted here.
=504  \\$aIncludes bibliographical references.
=650  \0$aCampylobacter infections in poultry
=650  \0$aCampylobacter infections in poultry$xTransmission$zSweden.
=650  \0$aBroilers (Poultry)$xDiseases$xPrevention.
=650  \0$aMeat$xContamination
=999  \\$a733854

