=LDR  01071nam  2200277   4500
=001  000734493
=003  BIBL
=005  19980827064800.0
=008  760510s1912\\\\maua\\\\\b\\\\00010\eng\\
=010  \\$a12023764
=035  9\$a734493
=035  \\$a(OCoLC)02167099
=040  \\$aDLC$cCIN$dSER$dOCL$dCLE$dIWA
=049  \\$aIWAA
=050  0\$aLB1031$bH739s
=100  00$aHolmes, William Henry,$d1874-
=245  10$aSchool organization and the individual child:$ba book for school executives and teachers, being an exposition of plans that have been evolved to adapt school organization to the needs of individual children, normal, supernormal and subnormal.$cBy William H. Holmes ...
=260  0\$aWorcester, Mass.,$bThe Davis Press,$c1912.
=300  \\$a197 p., 1 ., 211 p.$billus., diagrs.$c23 cm.
=500  \\$aThesis (PH.D.) Clark University, 1910.
=500  \\$aIssued also without thesis note.
=504  \\$aBibliography: pt. 2, p. [181]-195.
=650  \0$aSchool management and organization
=650  \0$aChildren with disabilities.
=999  \\$a734493
=019  \\$a5095210

