=LDR  00848nam  2200253   4500
=001  000741260
=003  BIBL
=005  19980827114700.0
=008  780309s1938\\\\enkab\\\\b\\\\00010\eng\\
=010  \\$a40012703
=035  9\$a741260
=035  \\$a(OCoLC)03700682
=040  \\$aDLC$cGAT$dm/c$dIWA
=049  \\$aIWAA
=050  0\$aQA29.W3$bS3
=090  \\$aQA29$bW158s
=100  10$aScott, J. F.$q(Joseph Frederick)
=245  14$aThe mathematical work of John Wallis, D.D., F.R.S. (1616-1703),$cby J. F. Scott. With a foreword by E. N. da C. Andrade.
=260  0\$aLondon,$bTaylor and Francis,$c1938.
=300  \\$axi 240 p.$bfacsims, diagrs. front. (port.)$c23 cm.
=500  \\$a"Thesis approved for the degree of doctor of philosophy in the University of London."
=504  \\$aBibliography: p. 234.
=600  10$aWallis, John,$d1616-1703
=999  \\$a741260

