=LDR  00931nam  2200289   4500
=001  000744937
=003  BIBL
=005  19980827142200.0
=008  740628s1966\\\\xx\\\\\\\\\\\\00010\eng\d
=035  9\$a744937
=035  \\$a(OCoLC)00932297
=040  \\$aOBE$cOBE$dIWA
=049  \\$aIWAA
=090  \\$aPN5364$bB7 1966
=100  10$aBritton, Roswell Sessoms,$d1897-
=245  14$aThe Chinese periodical press, 1800-1912,$cby Roswell S. Britton.
=260  0\$aTaipei,$bCh'eng-wen Pub. Co.,$c1966.
=300  \\$avi, 151 p.$b24 plates (facsim) on 18 .$c25cm.
=500  \\$aThesis (Ph.D.)--Columbia University, 1933.
=500  \\$aVita.
=500  \\$aTitle in Chinese at head of t.p.
=500  \\$a"Original edition ... Shanghai, Kelly & Walsh, ... 1933."
=504  \\$aBibliography: p. 133-143. "Index of periodicals": p. 145-148.
=650  \0$aChinese periodicals
=650  \0$aPress$zChina
=999  \\$a744937
=092  \\$a059.951$bB778C

