=LDR  00795nam  2200229 i 4500
=001  000747291
=003  BIBL
=005  19991004161100.0
=008  761012s1975\\\\xx\\\\\\\\\\\\00000\eng\d
=020  \\$a0876664508
=035  9\$a747291
=035  \\$a(OCoLC)02497209
=040  \\$aSMI$cSMI$dOCL$dIWA
=049  \\$aIWAA
=090  \\$aQL638.G7$bC65x 1975
=100  10$aColin, Patrick L.$q(Patrick Lynn),$d1946-
=245  14$aThe neon gobies :$bthe comparative biology of the gobies of the genus Gobiosoma, subgenus Elacitunus, (Pisces:Gobiidae) in the tropical western North Atlantic Ocean /$cPatrick L. Colin.
=260  0\$aNeptune, N.J. :$bT.F.H. Publications,$c1975.
=300  \\$a304 p. :$bill. (some col.) ;$c23 cm.
=500  \\$aThesis - University of Miami, 1973.
=650  \0$aGobiidae
=999  \\$a747291

