=LDR  00985nam  2200301   4500
=001  000747494
=003  BIBL
=005  19980827160700.0
=008  760428s1938\\\\xx\\\\\\\\\\\\00000\eng\\
=010  \\$a39020574
=035  9\$a747494
=035  \\$a(OCoLC)02145602
=040  \\$aDLC$cTOL$dIWA
=049  \\$aIWAA
=050  0\$aLB1140$b.B64t
=082  \\$a372.2412
=100  10$aBorgeson, Gertrude M. Preische,$d1899-
=245  10$aTechniques used by the teacher during the nursery school luncheon period,$cby Gertrude M. Borgeson.
=260  0\$aNew York city,$bTeachers college, Columbia university,$c1938.
=300  \\$axiv p., 1 ., 214 p., 1 .,$bincl. tables, diagrs.$c23 cm.
=440  \0$aChild development monographs.$vMonograph no. 24
=500  \\$aThesis (PH.D.) -Columbia university, 1939.
=500  \\$aVita.
=500  \\$aPublished also without thesis note.
=504  \\$aBibliography: p. 185-187.
=650  \0$aNursery schools
=650  \0$aChildren$xNutrition
=999  \\$a747494

