=LDR  00930nam  22003138a 4500
=001  000748530
=003  BIBL
=005  19980827165000.0
=008  891128s1990\\\\nyu\\\\\\b\\\\00010\eng\\
=010  \\$a89049419
=020  \\$a0824032098 :$c{dollar}20.00
=035  9\$a748530
=035  \\$a(OCoLC)20828495
=040  \\$aDLC$cDLC$dIWA
=049  \\$aIWAA
=050  00$aQA273$b.P87 1990
=082  00$a519.2$220
=100  00$aPutnam, Hilary.
=245  14$aThe meaning of the concept of probability in application to finite sequences /$cHilary Putnam.
=260  0\$aNew York :$bGarland Pub.,$c1990.
=263  \\$a9002
=300  \\$a128 p. ;$c24 cm.
=440  \0$aHarvard dissertations in philosophy
=500  \\$aThesis (Ph. D.)--University of California, Los Angeles, 1951.
=504  \\$aIncludes bibliographical references.
=650  \0$aProbabilities
=650  \0$aSequences (Mathematics)
=650  \0$aInduction (Logic)
=999  \\$a748530

