=LDR  00866nam  2200277   4500
=001  000749771
=003  BIBL
=005  19980827174200.0
=008  730208s1963\\\\nyu\\\\\\b\\\\00000\eng\\
=010  \\$a63019075
=035  9\$a749771
=035  \\$a(OCoLC)00555738
=040  \\$aDLC$cXAV$dOCL$dSER$dIWA
=049  \\$aIWAA
=050  0\$aPN4900.F7$bT85
=082  \\$a051
=100  10$aTurner, Susan Jane.
=245  12$aA history of the Freeman,$bliterary landmark of the early twenties.
=260  0\$aNew York,$bColumbia University Press,$c1963.
=300  \\$aviii, 204 p.$c22 cm.
=500  \\$aThesis ed. (1956) has title: A short history of the Freeman.
=504  \\$aBibliography: p. [187]-197. Bibliographical footnotes.
=630  40$aThe Freeman. New York, 1920-24.
=650  \0$aCriticism$zUnited States.
=740  21$aA Short history of the Freeman.
=999  \\$a749771

