=LDR  00886nam  2200277 i 4500
=001  000752535
=003  BIBL
=005  19980827193900.0
=008  800317r19691903pau\\\\\\b\\\\00110\eng\d
=035  9\$a752535
=035  \\$a(OCoLC)06096898
=040  \\$aVZN$cVZN$dm.c.$dIWA
=049  \\$aIWAA
=090  \\$aPR63$b.W8 1969
=100  00$aWylie, Laura Johnson,$d1855-1932.
=245  10$aStudies in the evolution of English criticism /$cby Laura Johnson Wylie.
=260  0\$aFolcroft, Pa. :$bFolcroft Press,$c[1969]
=300  \\$aviii, 212 p. ;$c23 cm.
=500  \\$aReprint of the 1903 ed. published by Ginn, Boston.
=500  \\$aThesis (Ph.D.)--Yale Univ, 1894.
=504  \\$aBibliography: p. 205-208.
=600  10$aColeridge, Samuel Taylor,$d1772-1834.
=600  10$aDryden, John,$d1631-1700,
=650  \0$aCriticism
=650  \0$aEnglish literature$xHistory and criticism
=999  \\$a752535

