=LDR  00778nam  2200265 i 4500
=001  000753462
=003  BIBL
=005  19980827201800.0
=008  810327s1939\\\\nju\\\\\\b\\\\00010\eng\\
=010  \\$a39012065
=035  9\$a753462
=035  \\$a(OCoLC)07268436
=040  \\$aDLC$cVSC$dIWA
=049  \\$aIWAA
=050  \\$aLB2805$bM563n
=100  00$aMessinger, Mark G.
=245  14$aThe non-teaching elementary school principal in the state of New Jersey ...$cMark G. Messinger.
=260  1\$aCamden, N. J.,$c1939.
=300  \\$a226 p.$c24 cm.
=500  \\$aThesis (Ed.D) -- Temple University.
=504  \\$aBibliography: p. 221-226.
=650  \0$aSchool management and organization$zNew Jersey.
=650  \0$aSchool superintendents
=650  \0$aSchool principals
=999  \\$a753462

