=LDR  00741nam  2200253   4500
=001  000756752
=003  BIBL
=005  19980827225400.0
=008  760616s1931\\\\ksu\\\\\\b\\\\00010\eng\\
=010  \\$a31010245
=035  9\$a756752
=035  \\$a(OCoLC)02230057
=040  \\$aDLC$cMIA$dIWA
=049  \\$aIWAA
=050  0\$aE99.C5$bB86
=100  10$aBrown, Lula Lemmon.
=245  10$aCherokee neutral lands controversy,$cby Lula Lemmon Brown.
=260  0\$a[Girard, Kan.,$bThe Girard Press,$c1931]
=300  \\$a2 p. ., 47, [1] p.$c21 cm.
=500  \\$aThesis (M. A.)--University of Colorado, 1930.
=504  \\$aBibliography: p. [48]
=650  \0$aCherokee Indians$xLand tenure
=650  \0$aCherokee Indians$xGovernment relations
=999  \\$a756752

