=LDR  01062nam  2200277   4500
=001  000758007
=003  BIBL
=005  19980827235900.0
=008  730213s1930\\\\xx\\\\\\\\\\\\00010\eng\u
=035  9\$a758007
=035  \\$a(OCoLC)00557635
=040  \\$cYNG$dm.c.$dOCL$dIWA
=049  \\$aIWAA
=090  \\$aLB1737$b.P351p
=100  10$aPeik, Wesley Ernest,$d1886-
=245  14$aThe professional education of high school teachers;$ban analysis and evaluation of the prescribed courses in education for prospective high school teachers at the University of Minnesota,$cby W. E. Peik...
=260  0\$aMinneapolis,$bThe University of Minnesota press,$c1930.
=300  \\$axvii,184 p.$bdiagrs.
=500  \\$aThesis (PH. D.)--University of Minnesota, 1929.
=500  \\$aThesis note and vita on label mounted on lining paper.
=504  \\$aBibliography: p. 181-184.
=610  20$aUniversity of Minnesota.$bCollege of Education.
=650  \0$aTeachers$xTraining of$zMinnesota.
=650  \0$aEducation$xStudy and teaching
=650  \0$aEducation$xCurricula
=999  \\$a758007

