=LDR  00916nam  2200277   4500
=001  000758878
=003  BIBL
=005  19980828004200.0
=008  730605s1973\\\\vaua\\\\\b\\\\00010\eng\\
=010  \\$a72092879 //r82
=020  \\$a0813904099
=035  9\$a758878
=035  \\$a(OCoLC)00650035
=040  \\$aDLC$cDLC$dIWA
=049  \\$aIWAA
=050  0\$aLB2342$b.A74
=082  \\$a379/.324
=100  10$aArthur, William J.
=245  12$aA financial planning model for private colleges;$ba research report$c[by] William J. Arthur.
=260  0\$aCharlottesville,$bUniversity Press of Virginia$c[1973]
=300  \\$axii, 118 p.$billus.$c25 cm.
=490  0\$aStudies in business administration (Charlottesville, Va.)
=500  \\$aThesis--University of Virginia Graduate School of Business Administration.
=504  \\$aBibliography: p. [113]-118.
=650  \0$aPrivate universities and colleges$xFinance.
=999  \\$a758878

