=LDR  00602nam  22002295  4500
=001  000765767
=003  BIBL
=005  19980828072600.0
=008  720622s1958\\\\xx\\\\\\\\\\\\00010\fre\d
=035  9\$a765767
=035  \\$a(OCoLC)00338928
=040  \\$aWSU$cWSU$dm.c.$dm/c$dIWA
=049  \\$aIWAA
=090  \\$aPQ1645$b.G7
=100  10$aGray, Floyd,$d1926-
=245  13$aLe style de Montaigne.
=260  0\$aParis,$bNizet$c[1958]
=300  \\$a262 p.$c19 cm.
=500  \\$aThesis - University of Wisconsin.
=504  \\$aBibliography: p. [253]-260.
=600  10$aMontaigne, Michel de,$d1533-1592
=999  \\$a765767

