=LDR  00961nam  22002778a 4500
=001  000766828
=003  BIBL
=005  20040720152400.0
=008  910226s1991\\\\gw\\\\\\\b\\\\00010\eng\\
=010  \\$a91009843
=020  \\$a3540537015 (Berlin)
=020  \\$a0387537015 (New York)
=035  9\$a766828
=035  \\$a(OCoLC)23286512
=040  \\$aDLC$cDLC$dIWA
=090  \\$aHD20.5.A1$bL4 no.355
=100  1\$aSalomon, Marc,$d1964-
=245  10$aDeterministic lotsizing models for production planning /$cMarc Salomon.
=260  0\$aBerlin ;$aNew York :$bSpringer-Verlag,$cc1991.
=300  \\$avii, 158 p. :$bill. ;$c25 cm.
=440  \0$aLecture notes in economics and mathematical systems$v355
=500  \\$aThesis (Ph. D.)--Rotterdam School of Management, Erasmus University, 1990.
=504  \\$aIncludes bibliographical references.
=650  \0$aProduction planning$xMathematical models.
=650  \0$aProduction scheduling$xMathematical models.
=999  \\$a766828

