=LDR  00731nam  2200253   4500
=001  000766915
=003  BIBL
=005  19980828083800.0
=008  750814s1951\\\\xx\\\\\\\\\\\\00010\eng\u
=010  \\$a51003295
=035  9\$a766915
=035  \\$a(OCoLC)01545795
=040  \\$cFQG$dIWA
=049  \\$aIWAA
=090  \\$aQL503.C6$bM454m
=100  10$aMaynard, Elliott A.
=245  12$aA monograph of the Collembola or springtail insects of New York State.
=260  0\$aIthaca, N.Y.,$bComstock Pub. Co.,$c1951.
=300  \\$axxii, 339 p.$billus. (part col.) map.$c24 cm.
=500  \\$aThesis--University of Rochester.
=500  \\$aWithout thesis statement.
=504  \\$aBibliography: p. [291]-330
=650  \0$aCollembola
=999  \\$a766915

