=LDR  00946nam  2200277   4500
=001  000767050
=003  BIBL
=005  19980828084400.0
=008  770114s1958\\\\ne\\\\\\\b\\\\00100\eng\d
=010  \\$aa 58003919
=035  9\$a767050
=035  \\$a(OCoLC)02679351
=040  \\$aEZC$cEZC$dIWA
=049  \\$aIWAA
=090  \\$aDJ147$b.C3 1958
=100  10$aCampen, Samuel Isidore Paul van
=245  14$aThe quest for security;$bsome aspects of Netherlands foreign policy, 1945-1950.
=260  0\$aThe Hague,$bM. Nijhoff,$c1958.
=300  \\$axv, 308 p.$c25 cm.
=490  1\$aPublications, under the direction of the Netherlands Institute of International Affairs,$v2
=500  \\$aThesis--University of Amsterdam.
=500  \\$aWithout thesis statement.
=500  \\$aBibliographical footnotes.
=651  \0$aNetherlands$xForeign relations$y1830- .
=810  2\$aNederlandsch Genootschap voor Internationale Zaken.$tPublications;$v2.
=999  \\$a767050

