=LDR  01303cam  2200325 a 4500
=001  000774281
=003  BIBL
=005  19990331094800.0
=008  910807s1991\\\\nyuaf\\\\b\\\\001\0\eng\\
=010  \\$a91030721
=020  \\$a0824074491 (alk. paper)
=035  9\$a774281
=035  \\$a(OCoLC)24319340
=040  \\$aDLC$cDLC$dNLM$dIWA
=043  \\$ae------
=049  \\$aIWAA$bPARKS
=050  00$aQK51.2.E85$bR44 1991
=100  00$aReeds, Karen.
=245  10$aBotany in medieval and Renaissance universities /$cKaren Meier Reeds.
=260  \\$aNew York :$bGarland,$c1991.
=300  \\$axix, 316 p., 10 p. of plates, p. 520-542, 260-273 :$bill. ;$c24 cm.
=440  \0$aHarvard dissertations in the history of science
=500  \\$aThesis (Ph. D.)--Harvard University, 1975.
=500  \\$a"Annex: 'Renaissance humanism and botany,' Annals of science 33 (1976), 519-542 [and] 'Publishing scholarly books in the sixteenth century,' Scholarly publishing, April 1983, 259-274."
=504  \\$aIncludes bibliographical references (p. 261-283) and index.
=650  \0$aBotany$xStudy and teaching (Higher)$zEurope$xHistory.
=650  \0$aBotany, Medical$xStudy and teaching (Higher)$zEurope$xHistory.
=650  \0$aBotany$zEurope$xHistory.
=650  \0$aBotanical literature$zEurope$xHistory.
=999  \\$a774281

