=LDR  01240cam  2200325 a 4500
=001  000776074
=003  BIBL
=005  19990117140000.0
=008  960417s1996\\\\sw\a\\\\\b\\\\000\0\eng\d
=020  \\$a9157650985
=035  9\$a776074
=035  \\$a(OCoLC)34584913
=040  \\$aFUG$cFUG$dOCL$dIWA
=043  \\$ae-sw---$ae-pl---
=049  \\$aIWAA$bPARKS
=090  \\$aHB846.3$bF34x, 1996
=100  00$aFahlbeck, Erik.
=245  10$aEssays in transaction cost economics /$cErik Fahlbeck.
=260  \\$aUppsala, Sweden :$bSwedish University of Agricultural Sciences (SLU), Dept. of Economics, institutionen för ekonomi,$c1996.
=300  \\$a1 v. (various pagings) :$bill. ;$c24 cm.
=490  1\$aDissertations / Avhandlingar,$x0284-4842 ;$v20
=500  \\$aThesis statement in Swedish and English abstract inserted.
=500  \\$a"ISRN SLU-EKON-AVH-20-SE."
=502  \\$aThesis (Ph.D.)--Swedish University of Agricultural Sciences, 1996.
=504  \\$aIncludes bibliographical references.
=650  \0$aTransaction costs
=650  \0$aAgriculture$xEconomic aspects$zSweden.
=650  \0$aAgriculture$xEconomic aspects$zPoland.
=830  \0$aAvhandlingar (Sveriges lantbruksuniversitet. Institutionen för ekonomi)$v20.
=999  \\$a776074

