=LDR  01387cam  2200325 a 4500
=001  000777086
=003  BIBL
=005  19991025133000.0
=008  960624s1996\\\\se\a\\\\\b\\\\000\0\eng\d
=020  \\$a9157651078
=035  9\$a777086
=035  \\$a(OCoLC)34977926
=040  \\$aIWA$cIWA
=049  \\$aIWAA$bPARKS
=090  \\$aSF396.5$bN45x, 1996
=100  00$aNeil, Maria.
=245  10$aEffects of ad libitum feeding in lactation and the timing of its introduction on sow performance /$cMaria Neil.
=260  \\$aUppsala :$bSwedish University of Agricultural Sciences, Dept. of Animal Nutrition and Management,$c1996.
=300  \\$a1 v. (various pagings) :$bill. ;$c24 cm.
=490  1\$aRapport / Institutionen för husdjurens utfodring och vård,$x0347-9838 ;$v237 = Report / Swedish University of Agricultural Sciences, Department of Animal Nutrition and Management ;$v237
=500  \\$aThesis statement in Swedish and English abstract inserted.
=500  \\$aBased on 4 previously prepared or published papers reprinted here.
=500  \\$a"Dissertation."
=500  \\$a"ISRN SLU-HUV-R--237--SE."
=504  \\$aIncludes bibliographical references.
=650  \0$aSows$xFeeding and feeds.
=650  \0$aSwine$xFeeding and feeds
=650  \0$aLactation
=830  \0$aRapport (Sveriges lantbruksuniversitet. Institutionen főr husdjurens utfodring och vård)$v237.
=999  \\$a777086

