=LDR  01061nam  2200277   4500
=001  000778020
=003  BIBL
=005  19980828170600.0
=008  790111s1935\\\\mau\\\\\\\\\\\00010\eng\\
=010  \\$a36001689
=035  9\$a778020
=035  \\$a(OCoLC)04542406
=040  \\$aDLC$cAZU$dIWA
=049  \\$aIWAA
=050  0\$aLB2367$b.S55 1935
=100  10$aSmallwood, Mary Lovett,$d1907-
=245  13$aAn historical study of examinations and grading systems in early American universities;$ba critical study of the original records of Harvard, William and Mary, Yale, Mount Holyoke, and Michigan from their founding to 1900,$cby Mary Lovett Smallwood.
=260  0\$aCambridge,$bHarvard University Press,$c1935.
=300  \\$axiii p., 1 l., 132 p.$c23 cm.
=490  0\$aHarvard studies in education ;$vv. 24
=500  \\$aThesis (Ph. D.)--Yale university, 1934.
=504  \\$aBibliography: p. [117]-128.
=650  \0$aGrading and marking (Students)
=650  \0$aUniversities and colleges$zUnited States$xExaminations
=650  \0$aEducation, Higher
=999  \\$a778020

