=LDR  00892nam  2200253 a 4500
=001  000785192
=003  BIBL
=005  19980828235800.0
=008  820915s1936\\\\nju\\\\\rb\\\\000\0\eng\d
=035  9\$a785192
=035  \\$a(OCoLC)08776689
=040  \\$aBTS$cBTS$dIWA
=049  \\$aIWAA
=090  \\$aPN2632$b.B78 1972
=100  1\$aBorgerhoff, E. B. O.$q(Elbert Benton Op't Eynde),$d1908-
=245  14$aThe evolution of liberal theory and practice in the French theater, 1680-1757 /$cby E. B. O. Borgerhoff.
=260  \\$aPrinceton :$bPrinceton University Press,$c1936.
=300  \\$a117 p. ;$c22 cm.
=500  \\$aThesis (Ph.D.) -- Princeton University, 1934.
=504  \\$aBibliography: p. [114]-117.
=533  \\$aPhotocopy.$bAnn Arbor, Mich. :$cUniversity Microfilms,$d1972.$e21 cm.
=650  \0$aTheater$zFrance
=740  01$aLiberal theory and practice in the French theater.
=999  \\$a785192

