=LDR  00669nam  22002295  4500
=001  000785983
=003  BIBL
=005  19980829004100.0
=008  870923s1904\\\\fr\f\\\\\\\\\\000\0\fre\d
=035  9\$a785983
=035  \\$a(OCoLC)16736857
=040  \\$aVXG$cVXG$dIWA
=049  \\$aIWAA
=090  \\$aQK495.R85$bS2x
=100  2\$aSaint-Just, Simor.
=245  10$aRecherches anatomiques sur l'appareil végétatif aérien des Rubiacées,$cby M. Simor Saint-Just.
=260  \\$aCorbeil, [France]$bCrété,$c1904.
=300  \\$a67 p.$b2 leaves of plates.$c25 cm.
=500  \\$aThesis--Paris.
=504  \\$aIncludes bibliographical references.
=650  \0$aRubiaceae
=999  \\$a785983

