=LDR  00941nam  2200277 i 4500
=001  000787754
=003  BIBL
=005  19980829022600.0
=008  760130r19661918xx\\\\\\\\\\\\000\0\eng\d
=035  9\$a787754
=035  \\$a(OCoLC)01957448
=040  \\$aABC$cABC$dIWA
=049  \\$aIWAA
=090  \\$aPC2175$b.S82 1966
=100  1\$aSwann, Harvey Julian,$d1884-
=245  10$aFrench terminologies in the making :$bstudies in conscious contributions to the vocabulary /$cby Harvey J. Swann.
=260  \\$aNew York :$bAMS Press,$c1966, c1918.
=300  \\$axxii, 250 p. ;$c23 cm.
=440  \0$aColumbia University studies in Romance philology and literature$vno. 24
=500  \\$aThesis -- Columbia University, 1918.
=500  \\$aWithout thesis statement.
=500  \\$aReprint of 1918 edition.
=650  \0$aFrench language$xWord formation.
=650  \0$aFrench language$xTerms and phrases
=650  \0$aTechnology$xTerminology
=999  \\$a787754

