=LDR  00919nam  2200277   4500
=001  000788665
=003  BIBL
=005  19980829032400.0
=008  750610s1920\\\\xx\\\\\\\\\\\\000\0\eng\u
=010  \\$a21004264
=035  9\$a788665
=035  \\$a(OCoLC)01382781
=040  \\$cNAM$dOCL$dIWA
=041  0\$aengheb
=049  \\$aIWAA
=050  0\$aDS124$b.M3
=100  1\$aMann, Jacob,$d1888-1940
=245  14$aThe Jews in Egypt and in Palestine under the Fātịmid caliphs;$ba contribution to their political and communal history based chiefly on genizah material hitherto unpublished.
=260  \\$a[London, etc.]$bOxford university press,$c1920-22.
=300  \\$a2 v.$c23 cm.
=500  \\$aEnglish or Hebrew.
=500  \\$a"Thesis approved for the degree of doctor of literature in the University of London."
=650  \0$aJews$xHistory$yTo 70 A.D.
=650  \0$aJews$zEgypt
=650  \0$aJews$zPalestine
=999  \\$a788665

