=LDR  00955nam  2200289 a 4500
=001  000793533
=003  BIBL
=005  19980829075600.0
=008  960628s1996\\\\se\a\\\\\b\\\\000\0\eng\d
=020  \\$a9157651019
=035  9\$a793533
=035  \\$a(OCoLC)35003801
=040  \\$aIWA$cIWA
=049  \\$aIWAA
=090  \\$aSB211.P8$bC45x 1996
=100  1\$aCalleberg, Eva.
=245  10$aAnther culture of potato /$cEva Calleberg.
=260  \\$aUppsala :$bSwedish University of Agricultural Sciences, Dept. of Plant Breeding Research, Uppsala Genetic Center,$c1996.
=300  \\$a1 v. (various pagings) :$bill. ;$c24 cm.
=500  \\$aThesis statement in Swedish and English abstract inserted.
=500  \\$aBased on 5 previously prepared or published papers reprinted here.
=500  \\$a"Dissertation."
=504  \\$aIncludes bibliographical references.
=650  \0$aAnther
=650  \0$aPotatoes$xBreeding
=650  \0$aPotatoes$xGenetics
=999  \\$a793533

