=LDR  01047nam  2200289 a 4500
=001  000794337
=003  BIBL
=005  19980829082800.0
=008  960730s1996\\\\sw\a\\\\\b\\\\000\0\eng\d
=020  \\$a9157651280
=035  9\$a794337
=035  \\$a(OCoLC)35161244
=040  \\$aIWA$cIWA
=049  \\$aIWAA
=090  \\$aSB191.W5$bS77x 1996
=100  00$aStrid, Håkan.
=245  10$aAluminium toxicity effects on growth and on uptake and distribution of some mineral nutrients in two cultivars of spring wheat /$cHåkan Strid.
=260  \\$aUppsala :$bSwedish University of Agricultural Sciences, Dept. of Plant Physiology,$c1996.
=300  \\$a1 v. (various pagings) :$bill. ;$c24 cm.
=500  \\$aThesis statement in Swedish and English abstract inserted.
=500  \\$aBased on 4 previously prepared or published papers reprinted here.
=500  \\$a"Dissertation."
=504  \\$aIncludes bibliographical references.
=650  \0$aWheat$xGrowth.
=650  \0$aAluminum$xToxicology.
=650  \0$aAluminum$xPhysiological effect
=999  \\$a794337

