=LDR  01332nam  2200313 a 4500
=001  000794678
=003  BIBL
=005  19980829084000.0
=008  960628s1996\\\\se\a\\\\\b\\\\000\0\eng\d
=020  \\$a9157651353
=035  9\$a794678
=035  \\$a(OCoLC)35003952
=040  \\$aIWA$cIWA
=049  \\$aIWAA
=090  \\$aTP359.B48$bN67x 1996
=100  00$aNordberg, Åke.
=245  10$aOne-and two-phase anaerobic digestion of ley crop silage with and without liquid recirculation /$cÅke Nordberg.
=260  \\$aUppsala :$bDept. of Microbiology, Swedish University of Agricultural Sciences, Uppsala Genetic Center,$c1996.
=300  \\$a1 v. (various pagings) :$bill. ;$c24 cm.
=490  1\$aRapport / Institutionen för mikrobiologi, Uppsala genetikcentrum ;$v64 =$aReport / Swedish University of Agricultural Sciences, Department of Microbiology, Uppsala Genetic Center,$x0348-4041 ;$v64
=500  \\$aThesis statement in Swedish and English abstract inserted.
=500  \\$aBased on 5 previously prepared or published papers reprinted here.
=500  \\$a"Dissertation."
=500  \\$a"ISRN SLU-MIKRO-R--64--SE."
=504  \\$aIncludes bibliographical references.
=650  \0$aBiogas
=650  \0$aAnaerobic bacteria
=830  \0$aRapport (Sveriges lantbruksuniversitet. Institutionen för mikrobiologi)$v64.
=999  \\$a794678

