=LDR  00936nam  2200277 a 4500
=001  000801072
=003  BIBL
=005  19980826082000.0
=008  940531s1993\\\\sw\a\\\\\b\\\\000\0\eng\d
=020  \\$a9157647917
=035  9\$a801072
=035  \\$a(OCoLC)30524237
=040  \\$aIWA$cIWA
=049  \\$aIWAA
=090  \\$aQP551$bH65x, 1993
=100  1\$aHolmgren, Anders.
=245  10$aStructural studies of PapD, a chaperone protein involved in pili assembly, from E. coli /$cby Anders Holmgren.
=260  \\$aUppsala :$bSveriges Lantbruksuniversitet,$c1993.
=300  \\$a1 v. (various pagings) :$bill. ;$c30 cm.
=500  \\$aThesis statement in Swedish and English abstract inserted.
=500  \\$aThesis based on 5 previously prepared or published papers reprinted here.
=500  \\$aIncludes bibliographical references.
=650  \0$aProtein folding
=650  \0$aBacterial proteins
=650  \0$aPili (Microbiology)
=999  \\$a801072

