=LDR  00744nam  22002415  4500
=001  000801098
=003  BIBL
=005  19980826082200.0
=008  861110s1945\\\\paua\\\\\b\\\\00010\eng\d
=035  9\$a801098
=035  \\$a(OCoLC)14693937
=040  \\$aGUA$cGUA$dIWA
=049  \\$aIWAA
=090  \\$aLB2843.L4$bEL59e
=100  10$aEllis, John Leslie.
=245  13$aAn evaluation of sabbatical leave in Pennsylvania,$cby J. Leslie Ellis ...
=260  0\$aPhiladelphia, Pa.,$bStephenson-Brothers,$c1945.
=300  \\$aix, 137 p.$btables. forms, diagr.$c28 cm.
=500  \\$aThesis (Ph.D.) - Temple university, 1943.
=504  \\$a"Bibliography": p. 123-125.
=650  \0$aTeachers$xLeaves of absence
=650  \0$aTeachers$zPennsylvania.
=999  \\$a801098

