=LDR  00867cam  2200289   4500
=001  000803414
=003  BIBL
=005  19990117141800.0
=008  720621r19711922nyu\\\\\\b\\\\000\0\eng\\
=010  \\$a73159486 //r902
=020  \\$a0833746480
=035  9\$a803414
=035  \\$a(OCoLC)00652238
=040  \\$aDLC$cDLC$dIWA
=049  \\$aIWAA$bPARKS
=050  00$aLC1707$b.L4 1971
=100  1\$aLeibell, Jane Frances,$cSister,$d1877-
=245  10$aAnglo-Saxon education of women;$bfrom Hilda to Hildegarde,$cby Helen Dominica Leibell.
=260  \\$aNew York,$bB. Franklin$c[1971]
=300  \\$a176 p.$c24 cm.
=500  \\$aReprint of the 1922 ed.
=500  \\$aThesis (PH.D.)--Georgetown University.
=504  \\$aBibliography: p. 175-176.
=650  \0$aWomen$xEducation, Medieval
=650  \0$aAnglo-Saxons
=651  \0$aEngland$xCivilization$yTo 1066
=999  \\$a803414

