=LDR  01456nam  2200337 a 4500
=001  000803762
=003  BIBL
=005  19980826102100.0
=008  871121s1987\\\\sw\a\\\\\b\\\\000\0\eng\d
=020  \\$a9157630658
=035  9\$a803762
=035  \\$a(OCoLC)17011799
=040  \\$aNRC$cNRC$dOCL$dIWA
=049  \\$aIWAA
=090  \\$aS592.6.C35$bP38x 1987
=100  1\$aPaustian, Keith.
=245  10$aTheoretical analyses of C and N cycling in soil /$cKeith Paustian.
=260  \\$aUppsala :$bSwedish University of Agricultural Sciences, Dept. of Ecology and Environmental Research,$c1987.
=300  \\$a1 v. (various pagings) :$bill. ;$c24 cm.
=490  1\$aRapport / Sveriges lantbruksuniversitet, Instutionen för ekologi och miljövård,$x0348-422X ;$v30 =$aReport / Swedish University of Agricultural Sciences, Department of Ecology and Environmental Research
=500  \\$aThesis statement in Swedish and English abstract inserted.
=500  \\$aErrata sheet inserted.
=502  \\$aThesis (Ph.D.)--Swedish University of Agricultural Sciences, 1987.
=504  \\$aIncludes bibliographies.
=650  \0$aSoils$xCarbon content
=650  \0$aSoils$xNitrogen content
=650  \0$aCarbon cycle (Biogeochemistry)
=650  \0$aNitrogen cycle
=710  2\$aSveriges lantbruksuniversitet.$bInstitutionen för ekologi och miljövård.
=830  \0$aRapport (Sveriges lantbruksuniversitet. Institutionen för ekologi och miljövård)$v30.
=999  \\$a803762

