=LDR  01201nam  2200313 a 4500
=001  000803768
=003  BIBL
=005  19980826102100.0
=008  881014s1988\\\\sw\a\\\\\b\\\\000\0\eng\d
=020  \\$a9157634017
=035  9\$a803768
=035  \\$a(OCoLC)18610531
=040  \\$aAGL$cAGL$dNRC$dIWA
=049  \\$aIWAA
=070  0\$aQR51.R32$bno.38
=072  \0$aJ200$aH000
=090  \\$aSB951.4$bS74x, 1988
=100  1\$aStenström, John.
=245  10$aKinetics of microbial growth and activity with applications to the decomposition of herbicides /$cJohn Stenström.
=260  \\$aUppsala :$bSwedish University of Agricultural Sciences, Department of Microbiology,$c1988.
=300  \\$a1 v. (various pagings) :$bill. ;$c24 cm.
=490  1\$aRapport / Sveriges lantbruksuniversitet, Institutionen för mikrobiologi,$x0348-4041 ;$vno. 38
=500  \\$a"Dissertation."
=500  \\$aThesis statement in Swedish and English abstract inserted.
=502  \\$aThesis (Ph.D.)--Sveriges lantbruksuniversitet, 1988.
=504  \\$aIncludes bibliographies.
=650  \0$aHerbicides$xBiodegradation
=830  \0$aRapport (Sveriges lantbruksuniversitet. Institutionen för mikrobiologi)$vno. 38.
=999  \\$a803768

