=LDR  01053nam  2200313 a 4500
=001  000803780
=003  BIBL
=005  19980826102200.0
=008  900627s1990\\\\sw\a\\\\\b\\\\000\0\eng\d
=020  \\$a915764134X
=035  9\$a803780
=035  \\$a(OCoLC)21926806
=040  \\$aIPL$cAGL$dIPL$dKKS$dAGL$dIWA
=049  \\$aIWAA
=070  0\$aQP625.N87N67
=072  \0$aL200$aX300
=090  \\$aQP625.N89$bN67x 1990
=100  1\$aNordlund, Pär.
=245  10$aStructural studies on the free radical protein of ribonucleotide reductase /$cby Pär Nordlund.
=260  \\$aUppsala, Sweden :$bDept. of Molecular Biology, Swedish University of Agricultural Sciences,$c1990.
=300  \\$a1 v. (various pagings) :$bill. ;$c30 cm.
=500  \\$aThesis information sheet in Swedish inserted.
=502  \\$aThesis (Ph.D.)--Sveriges Lantbruksuniversitet, Uppsala 1990.
=504  \\$aIncludes bibliographical references.
=650  \0$aNucleoproteins
=650  \0$aNucleotides
=650  \0$aAmino acid sequence
=999  \\$a803780
=092  \\$a574.87328$bN758s, 1990

