=LDR  01103nam  2200277 a 4500
=001  000803792
=003  BIBL
=005  19980826102200.0
=008  930212s1992\\\\sw\a\\\\\\\\\\000\0\eng\d
=020  \\$a9157645728
=035  9\$a803792
=035  \\$a(OCoLC)27427080
=040  \\$aOKS$cOKS$dKKS$dIWA
=049  \\$aIWAA
=090  \\$aQK495.S7$bH35x 1992
=100  1\$aHåkansson, Gunilla.
=245  10$aNuclear-mitochondrial interactions and its relevance for male sterility in Nicotiana :$banalysis of mitochondrial genome organization, gene expression and respiration in male-fertile and alloplasmic male-sterile materials /$cby Gunilla Håkanssson [sic].
=260  \\$aUppsala, Sweden :$bSwedish University of Agricultural Sciences, Dept. of Plant Breeding,$c1992.
=300  \\$a1 v. (various pagings) :$bill. ;$c24 cm.
=500  \\$aThesis abstract sheet inserted.
=502  \\$aThesis (Ph.D.)--Sveriges lantbruksuniversitet, 1992.
=504  \\$aIncludes bibliographical references.
=650  \0$aNicotiana$xGenetics.
=650  \0$aMale sterility in plants
=999  \\$a803792
=092  \\$a583.790415$bH155n

