=LDR  01019nam  2200289 a 4500
=001  000803798
=003  BIBL
=005  19980826102200.0
=008  911001s1991\\\\sw\a\\\\\b\\\\000\0\eng\d
=020  \\$a9157645159
=035  9\$a803798
=035  \\$a(OCoLC)24480728
=040  \\$aOKS$cOKS$dAGL$dAZU$dIWA
=049  \\$aIWAA
=072  \0$aL100$aL600$aM001
=090  \\$aQL638.S2$bB47x 1991
=100  1\$aBerglund, Ingemar.
=245  10$aSexual maturation and smoltification in Baltic salmon (Salmo salar) :$balternative life-histories in male parr /$cIngemar Berglund.
=260  \\$aUmeå, Sweden :$bSwedish University of Agricultural Sciences, Dept. of Aquaculture,$c1991.
=300  \\$a1 v. (various pagings) :$bill. ;$c25 cm.
=500  \\$aThesis abstract sheet inserted.
=502  \\$aThesis (Ph.D.)--Sveriges lantbruksuniversitet, 1991.
=504  \\$aIncludes bibliographical references.
=650  \0$aAtlantic salmon$xGrowth.
=650  \0$aAtlantic salmon$xMigration.
=999  \\$a803798
=092  \\$a639.3755043$bB498s

