=LDR  01195nam  2200313 a 4500
=001  000804098
=003  BIBL
=005  19980826103600.0
=008  960523s1996\\\\sw\ab\\\\b\\\\000\0\eng\d
=020  \\$a9157651272
=035  9\$a804098
=035  \\$a(OCoLC)34782160
=040  \\$aCAW$cCAW$dUIU$dIWA
=043  \\$ae-sw---
=049  \\$aIWAA
=090  \\$aQL668.E24$bE33x 1996
=100  1\$aEdenhamn, Per
=245  10$aSpatial dynamics of the European tree frog (Hyla arborea L.) in a heterogeneous landscape /$cPer Edenhamn.
=260  \\$aUppsala, Sweden :$bSwedish University of Agricultural Sciences, Dept. of Wildlife Ecology,$cc1996.
=300  \\$a129 p. :$bill., maps ;$c24 cm.
=490  1\$aRapport / SLU, Institutionen för viltekologi,$x0349-1404 ;$v31
=500  \\$aThesis statement in Swedish and English abstract inserted.
=500  \\$a"Dissertation."
=502  \\$aThesis (Ph.D.)--Sveriges lantbruksuniversitet, 1996.
=504  \\$aIncludes bibliographical references.
=650  \0$aEuropean treefrog$zSweden$xGeographical distribution.
=830  \0$aRapport (Sveriges lantbruksuniversitet. Institutionen för viltekologi)$v31.
=999  \\$a804098
=092  0\$a597.8709485$bEd28s$221

