=LDR  01001nam  22002775a 4500
=001  000805180
=003  BIBL
=005  20090309095000.0
=008  930909s1993\\\\ne\ab\\\\b\\\\000\0\eng\d
=020  \\$a9067543217
=035  9\$a805180
=035  \\$a(OCoLC)28768052
=040  \\$aAGL$cAGL$dIWA
=041  0\$aeng$bdut
=070  0\$aDISS$bF1993022
=090  \\$aS539.N2$bW1231 no.93-3
=100  1\$aFliert, Elske van de.
=245  10$aIntegrated pest management :$bfarmer field schools generate sustainable practices /$cElske van de Fliert.
=260  \\$aWageningen, Netherlands :$bAgricultural University Wageningen,$cc1993.
=300  \\$axv, 304 p. :$bill., maps ;$c25 cm.
=440  \0$aWageningen Agricultural University papers$vno. 93-3
=500  \\$aThesis statement and summary in Dutch.
=502  \\$aThesis (doctoral)--Landbouwuniversiteit te Wageningen, 1993.
=504  \\$aIncludes bibliographical references (p. 251-260).
=650  \0$aPests$xIntegrated control$zIndonesia$zJava.
=999  \\$a805180

