=LDR  01537nam  2200373 a 4500
=001  000806589
=003  BIBL
=005  19980826123700.0
=008  960830s1996\\\\sw\a\\\\\b\\\\000\0\eng\d
=020  \\$a9157651256
=035  9\$a806589
=035  \\$a(OCoLC)35326342
=040  \\$aIWA$cIWA
=041  0\$aeng$bfre
=049  \\$aIWAA
=090  \\$aS603.5$bT55x, 1996
=100  1\$aTilander, Ylva.
=245  10$aCompetition for and conservation of water and nutrients in agroforestry systems in semi-arid West Africa /$cYlva Tilander.
=260  \\$aUppsala :$bSveriges lantbruksuniversitet,$c1996.
=300  \\$a1 v. (various pagings) :$bill. (some col.) ;$c24 cm.
=490  1\$aRapport / Institutionen för ekologi och miljövård ;$v86 = Report / Swedish University of Agricultural Sciences, Department of Ecology and Environmental Research,$x0348-422X ;$v86
=500  \\$aThesis statement in Swedish and English abstract inserted.
=500  \\$aBased on 4 previously prepared or published papers reprinted here.
=500  \\$a"Dissertation."
=500  \\$a"ISRN SLU-EKOMIL-R-86--SE."
=502  \\$aThesis (Ph. D.)--Sveriges lantbruksuniversitet, 1996.
=504  \\$aIncludes bibliographical references.
=650  \0$aIntercropping$zAfrica, West.
=650  \0$aMulching$zAfrica, West.
=650  \0$aTree crops$zAfrica, West.
=650  \0$aField crops$zAfrica, West.
=650  \0$aAgroforestry$zAfrica, West.
=830  \0$aRapport (Sveriges lantbruksuniversitet. Institutionen för ekologi och miljövård)$v86.
=999  \\$a806589

