=LDR  01463cam  2200349 a 4500
=001  000806595
=003  BIBL
=005  19991025133000.0
=008  960731s1996\\\\sw\a\\\\\b\\\\000\0\eng\d
=020  \\$a915765123X
=035  9\$a806595
=035  \\$a(OCoLC)35167976
=040  \\$aIWA$cIWA
=049  \\$aIWAA$bPARKS
=090  \\$aQR171.R85$bW45x 1996
=100  1\$aWejdemar, Kjell.
=245  14$aThe role of growth factors in the bacterial ecology of the rumen /$cby Kjell Wejdemar.
=260  \\$aUppsala :$bSwedish University of Agricultural Sciences, Dept. of Animal Nutrition and Management,$c[1996]
=300  \\$a1 v. (various pagings) :$bill. ;$c24 cm.
=490  1\$aRapport / Institutionen för husdjurens utfodring och vård,$x0347-9838 ;$v238 = Report / Swedish University of Agricultural Sciences, Department of Animal Nutrition and Management ;$v238
=500  \\$aAbstracts in English and Swedish.
=500  \\$aThesis statement in Swedish and English abstract inserted.
=500  \\$aBased on 5 previously prepared or published papers reprinted here.
=500  \\$a"Dissertation."
=500  \\$a"ISRN SLU-HUV-R--238--SE."
=504  \\$aIncludes bibliographical references.
=650  \0$aRumen$xMicrobiology
=650  \0$aRumen fermentation
=650  \4$aPrevotella ruminicola.
=650  \4$aButyrivibrio fibrisolvens.
=830  \0$aRapport (Sveriges lantbruksuniversitet. Institutionen főr husdjurens utfodring och vård)$v238.
=999  \\$a806595

