=LDR  01258nam  2200301 a 4500
=001  000806604
=003  BIBL
=005  19991025133000.0
=008  960730s1996\\\\sw\a\\\\\b\\\\000\0\eng\d
=020  \\$a9157651027
=035  9\$a806604
=035  \\$a(OCoLC)35161273
=040  \\$aIWA$cIWA
=049  \\$aIWAV
=090  \\$aSF203$bS66x, 1996
=100  1\$aSpörndly, Eva.
=245  10$aHerbage intake of dairy cows /$cby Eva Spörndly.
=260  \\$aUppsala :$bSwedish University of Agricultural Sciences, Dept. of Animal Nutrition and Management,$c1996.
=300  \\$a1 v. (various pagings) :$bill. ;$c24 cm.
=490  1\$aRapport / Institutionen för husdjurens utfodring och vård,$x0347-9838 ;$v236 = Report / Swedish University of Agricultural Sciences, Department of Animal Nutrition and Management ;$v236
=500  \\$aThesis statement in Swedish and English abstract inserted.
=500  \\$aBased on 5 previously prepared or published papers reprinted here.
=500  \\$a"Dissertation."
=500  \\$a"ISRN SLU-HUV-R-236--SE."
=504  \\$aIncludes bibliographical references.
=650  \0$aDairy cattle$xFeeding and feeds
=830  \0$aRapport (Sveriges lantbruksuniversitet. Institutionen főr husdjurens utfodring och vård)$v236.
=999  \\$a806604

