=LDR  01116nam  2200313 a 4500
=001  000806613
=003  BIBL
=005  19980826123800.0
=008  960809s1996\\\\sw\a\\\\\b\\\\000\0\eng\d
=020  \\$a9157651264
=035  9\$a806613
=035  \\$a(OCoLC)35218361
=040  \\$aIWA$cIWA
=041  0\$aeng$bswe
=049  \\$aIWAV
=090  \\$aSF757.2$bW38x, 1996
=100  1\$aWattrang, Eva.
=245  10$aGenetic and environmental effects on some porcine immune functions /$cby Eva Wattrang.
=260  \\$aUppsala :$bSwedish University of Agricultural Sciences, Dept. of Veterinary Microbiology, Division of Immunology, Biomedical Center,$c1996.
=300  \\$a1 v. (various pagings) :$bill. ;$c24 cm.
=500  \\$aThesis statement in Swedish and English abstract inserted.
=500  \\$aBased on 5 previously prepared or published papers reprinted here.
=500  \\$a"Dissertation."
=504  \\$aIncludes bibliographical references.
=650  \0$aVeterinary immunology
=650  \0$aSwine$xImmunology.
=650  \0$aSwine$xImmunology$xGenetic aspects.
=650  \0$aVeterinary immunogenetics
=999  \\$a806613

