=LDR  01026nam  2200289 a 4500
=001  000806629
=003  BIBL
=005  19980826123900.0
=008  960830s1996\\\\sw\a\\\\\b\\\\000\0\eng\d
=020  \\$a9157651132
=035  9\$a806629
=035  \\$a(OCoLC)35326369
=040  \\$aIWA$cIWA
=049  \\$aIWAA
=090  \\$aQP601$bH83x, 1996
=100  00$aHuang, Weijun.
=245  10$aStructural studies of enzymes in biotin and fatty acid biosynthesis /$cby Weijun Huang.
=260  \\$aUppsala :$bDept. of Molecular Biology, Swedish University of Agricultural Sciences,$c1996.
=300  \\$a1 v. (various pagings) :$bill. ;$c24 cm.
=500  \\$aThesis statement in Swedish and English abstract inserted.
=500  \\$aBased on 3 previously prepared or published papers reprinted here.
=502  \\$aThesis (Ph.D.)--Sveriges lantbruksuniversitet, 1996.
=504  \\$aIncludes bibliographical references.
=650  \0$aEnzymes$xStructure.
=650  \0$aBiotin$xSynthesis.
=650  \0$aFatty acid-binding proteins
=999  \\$a806629

