=LDR  00977cam  2200265 a 4500
=001  000806641
=003  BIBL
=005  19990116032500.0
=008  960828s1996\\\\sw\a\\\\\b\\\\000\0\eng\d
=020  \\$a915765137X
=035  9\$a806641
=035  \\$a(OCoLC)35311731
=040  \\$aIWA$cIWA
=049  \\$aIWAA$bPARKS
=090  \\$aQK495.S16$bR66x 1996
=100  1\$aRönnberg-Wästljung, Ann Christin.
=245  10$aBreeding in Salix :$bgenetics of quantitative characters /$cAnn Christin Rönnberg-Wästljung.
=260  \\$aUppsala :$bSwedish University of Agricultural Sciences, Dept. of Plant Breeding Research, Uppsala Genetic Center,$c1996.
=300  \\$a1 v. (various pagings) :$bill. ;$c24 cm.
=500  \\$aThesis statement in Swedish and English abstract inserted.
=500  \\$aBased on 4 previously prepared or published papers reprinted here.
=500  \\$a"Dissertation."
=504  \\$aIncludes bibliographical references.
=650  \0$aWillows$xGenetics.
=999  \\$a806641

