=LDR  00848nam  2200277   4500
=001  000806781
=003  BIBL
=005  19980826124600.0
=008  770706s1929\\\\mdu\\\\\\b\\\\000\0\eng\\
=010  \\$a29012752
=035  9\$a806781
=035  \\$a(OCoLC)03095695
=040  \\$aDLC$cSUC$dSUC$dIWA
=049  \\$aIWAA
=050  0\$aLB3061$b.P972v
=100  00$aPurdom, Thomas Luther,$d1887-
=245  14$aThe value of homogeneous grouping,$cby T. Luther Purdom.
=260  \\$aBaltimore,$bWarwick and York, inc.,$c1929.
=300  \\$a99 p. incl. tables.$c21 cm.
=490  0\$aUniversity research monographs. no. 1
=500  \\$aThesis (PH.D)--University of Michigan, 1925.
=500  \\$aWithout thesis note.
=504  \\$aBibliography: p. 93-96.
=650  \0$aAbility grouping in education
=650  \0$aEducational tests and measurements
=999  \\$a806781

