=LDR  01038nam  2200289 a 4500
=001  000807402
=003  BIBL
=005  19980826131800.0
=008  960730s1996\\\\sw\a\\\\\b\\\\000\0\eng\d
=020  \\$a915765140X$z915764768X
=035  9\$a807402
=035  \\$a(OCoLC)35160509
=040  \\$aIWA$cIWA
=049  \\$aIWAA
=090  \\$aSB608.P8$bS26x 1996
=100  1\$aSandgren, Maria.
=245  10$aOn spraing in potato :$ba soil-borne virus disease in potato, significance, detection, and variability /$cMaria Sandgren.
=260  \\$aUppsala :$bSwedish University of Agricultural Sciences, Dept. of Plant Pathology,$c1996.
=300  \\$a1 v. (various pagings) :$bill. ;$c24 cm.
=500  \\$aThesis statement in Swedish and English abstract inserted.
=500  \\$aBased on 4 previously prepared or published papers reprinted here.
=500  \\$a"Dissertation."
=504  \\$aIncludes bibliographical references.
=650  \0$aPotatoes$xDiseases and pests
=650  \0$aVirus diseases of plants
=650  \0$aPlant viruses
=999  \\$a807402

