=LDR  00770nam  2200253   4500
=001  000807556
=003  BIBL
=005  20030226102400.0
=008  870115r19471947inub\\\\\b\\\\000\0\eng\d
=010  \\$aa 48002414
=035  9\$a807556
=035  \\$a(OCoLC)15076358
=040  \\$aVXG$cVXG$dITD$dIWA
=090  \\$aQK495.G76$bP75t
=100  10$aPohl, Richard Walter,$d1916-
=245  12$aA taxonomic study on the grasses of Pennsylvania.
=260  \\$aPhiladelphia,$c1947.
=300  \\$a513-604 p.$bmap.$c23 cm.
=500  \\$aThesis--University of Pennsylvania.
=500  \\$a"Reprinted from 'The American midland naturalist,' vol. 38, no. 3, pp. 513-604, November, 1947."
=504  \\$a"References": p. 600.
=650  \0$aGrasses$zPennsylvania.
=999  \\$a807556
=902  \\$axyz

