=LDR  00930nam  2200277   4500
=001  000808851
=003  BIBL
=005  19980826142700.0
=008  730124r19711949nyug\\\\\\\\\\000\0\eng\d
=035  9\$a808851
=035  \\$a(OCoLC)00545004
=040  \\$aYNG$cYNG$dm.c.$dOCL$dOBE$dIWA
=049  \\$aIWAA
=090  \\$aML3557$b.M3 1971
=100  1\$aMcAllester, David P.$q(David Park),$d1916-2006
=245  10$aPeyote music$c[by] David P. McAllester.
=260  \\$aNew York,$bJohnson Reprint Corp.,$c1971, c1949.
=300  \\$a104 p.$bmusic ([62] p.)$c26 cm.
=500  \\$aReprint of the 1949 ed. published by Viking Fund, New York in series: Viking Fund publications in anthropology, no. 13.
=500  \\$aThesis--Columbia University.
=650  \0$aIndians of North America$xMusic
=650  \0$aPeyote
=830  \0$aViking Fund publications in anthropology.$vno. 13.
=999  \\$a808851
=019  \\$a538620
=092  \\$a781.7173$bM117P

