=LDR  01033nam  2200289 i 4500
=001  000808859
=003  BIBL
=005  19980826142800.0
=008  760209c19661917xx\\\\\\\\\\\\000\0\eng\d
=035  9\$a808859
=035  \\$a(OCoLC)01978038
=040  \\$aABC$cABC$dm/c$dIWA
=049  \\$aIWAA
=090  \\$aPQ2328$b.P5 1966
=100  1\$aPirazzini, Agide,$d1875-
=245  14$aThe influence of Italy on the literary career of Alphonse de Lamartine /$cby Agide Pirazzini.
=260  \\$aNew York :$bAMS Press,$c1966 [c1917]
=300  \\$axii, 160 p. ;$c23 cm.
=490  1\$aColumbia University studies in Romance philology and literature ;$v[no. 22]
=500  \\$aThesis (Ph.D.)--Columbia University, 1917.
=500  \\$aVita.
=504  \\$aBibliography: p. 157-160.
=600  10$aLamartine, Alphonse de,$d1790-1869
=650  \0$aLiterature, Comparative$xItalian and French.
=650  \0$aLiterature, Comparative$xFrench and Italian.
=830  \0$aColumbia University studies in Romance philology and literature$vno. 22.
=999  \\$a808859

