=LDR  00946nam  2200265   4500
=001  000812670
=003  BIBL
=005  19980826174800.0
=008  770316s1953\\\\dcu\\\\\\b\\\\000\0\eng\c
=010  \\$aa 53005206
=035  9\$a812670
=035  \\$a(OCoLC)02809157
=040  \\$aCatholic Univ. of America$cIYU$dIWA
=049  \\$aIWAA
=082  \\$a378.11
=090  \\$aLB2341$bD773s
=100  00$aDoyle, Edward Allen,$d1914-
=245  14$aThe status and functions of the departmental chairman;$ba study of the status and functions of the departmental chairman in thirty-three selected colleges of liberal arts under private auspices.
=260  \\$aWashington,$bCatholic University of America Press,$c1953.
=300  \\$ax, 138 p.$c23 cm.
=500  \\$aThesis--Catholic University of America.
=504  \\$aBibliography: p. 136-138.
=650  \0$aTeaching, Departmental system of
=650  \0$aUniversities and colleges$xAdministration
=999  \\$a812670

