=LDR  00992nam  2200277   4500
=001  000815293
=003  BIBL
=005  19980826195600.0
=008  700701c19691936nyu\\\\\\b\\\\001\0\eng\\
=010  \\$a74094208 //r882
=035  9\$a815293
=035  \\$a(OCoLC)00081895
=040  \\$aDLC$cDLC$dm.c.$dIWA
=049  \\$aIWAA
=050  0\$aPQ1530$b.G3 1969
=100  1\$aGarvey, Calixta,$cSister.
=245  14$aThe syntax of the declinable words in the Roman de la Rose$cby Sister M. Calixta Garvey.
=260  \\$aNew York,$bAMS Press$c[1969, c1936]
=300  \\$axi, 232 p.$c22 cm.
=490  1\$aCatholic University of America. Studies in Romance languages and literatures, Publications.$v13
=500  \\$aThesis (PH.D.)--Catholic University of America, 1936.
=504  \\$aBibliography: p. 227-228.
=600  00$aGuillaume,$cde Lorris,$dfl. 1230.$tRoman de la Rose
=650  \0$aFrench language$yTo 1300$xSyntax.
=830  00$aStudies in Romance languages and literatures$vv. 13.
=999  \\$a815293

