=LDR  01553nam  2200421   4500
=001  000816341
=003  BIBL
=005  19980826204600.0
=008  710521r19701939nyu\\\\\\b\\\\000\0\eng\\
=010  \\$a73140025 //r916
=020  \\$a0404502342
=035  9\$a816341
=035  \\$a(OCoLC)00139533
=040  \\$aDLC$cDLC$dm.c.$dIWA
=049  \\$aIWAA
=050  00$aPQ1445.P7$bF8 1970
=082  00$a809.1/021
=100  1\$aFuehrer, Mary Rosina,$cSister,$d1906-
=245  12$aA study of the relation of the Dutch Lancelot and the Flemish Perchevael fragments to the manuscripts of Chrétien's Conte del Graal.
=260  \\$aNew York,$bAMS Press$c[1970]
=300  \\$axi, 163 p.$c23 cm.
=490  0\$aCatholic University of America. Studies in German,$vv. 14
=500  \\$aThesis (PH.D.)-- Catholic University of America, 1940.
=500  \\$aReprint of 1939 edition.
=500  \\$aTitle on spine: Lancelot.
=504  \\$aBibliography: p. [161]-163.
=600  00$aChrétien,$cde Troyes,$d12th cent.$tPerceval le Gallois.
=600  00$aChrétien,$cde Troyes,$d12th cent.$xManuscripts.
=600  00$aWauchier de Denain,$d12th cent.
=630  00$aPerchevael.
=630  00$aPerceval (Didot Perceval)
=650  \0$aLancelot (Legendary character)$xRomances$xHistory and criticism.
=650  \0$aPerceval (Legendary character)$xRomances$xHistory and criticism.
=650  \0$aArthurian romances$xHistory and criticism.
=650  \0$aGrail$xRomances$xHistory and criticism.
=650  \0$aManuscripts, French
=740  01$aLancelot.
=999  \\$a816341

