=LDR  01155nam  2200289   4500
=001  000819352
=003  BIBL
=005  19980826225900.0
=008  751104s1966\\\\nyu\\\\\\b\\\\000\0\eng\d
=035  9\$a819352
=035  \\$a(OCoLC)01806446
=040  \\$aMU$cJPL$dOCL$dABC$dIWA
=049  \\$aIWAA
=090  \\$aPQ2205.Z5$bS7 1966
=100  1\$aSpring, Henry Powell,$d1891-
=245  10$aChateaubriand at the crossways;$ba character study analyzing the non-literary sources of Chateaubriand's opinions as expressed in Essai sur les révolutions.
=260  \\$aNew York,$bAMS Press,$c1966.
=300  \\$a195 p.$c23 cm.
=490  1\$aColumbia University. Studies in Romance philology and literature,$vv. 39
=500  \\$aReprint of 1924 edition.
=500  \\$aThesis (Ph.D.) - Columbia universtiy, 1924.
=504  \\$aIncludes bibliography.
=600  10$aChateaubriand, François René,$cvicomte de,$d1768-1848.$tEssai historique, politique et moral sur les révolutions anciennes et modernes.
=830  \0$aColumbia University studies in Romance philology and literature$vv. 39.
=999  \\$a819352
=019  \\$a1857439$a12123350
=092  \\$a848.6$bC492e Y sp

