=LDR  01264nam  2200337 a 4500
=001  000822155
=003  BIBL
=005  19980827005900.0
=008  910212s1990\\\\dcuab\\\\b\\\f000\0\eng\d
=035  9\$a822155
=035  \\$a(OCoLC)23093171
=040  \\$aUNA$cUNA$dGPO$dIWA
=043  \\$an-us---$ae-ur---
=049  \\$aIWAA
=074  \\$a383-C
=086  0\$aD 214.14/3:R 92
=090  \\$aE841$bY68x, 1990
=100  1\$aYoung, John M.$q(John Mark)
=245  10$aWhen the Russians blinked :$bthe U.S. maritime response to the Cuban Missile Crisis /$cby John M. Young.
=260  \\$aWashington, D.C. :$bHistory and Museums Division, Headquarters, U.S. Marine Corps,$c1990.
=300  \\$avi, 236 p. :$bill., maps ;$c28 cm.
=490  1\$aOccasional paper
=500  \\$aThesis (M.A.)--University of Tulsa, 1989.
=500  \\$aShipping list no.: 91-100-P.
=504  \\$aIncludes bibliographical references (p. 203-208).
=650  \0$aCuban Missile Crisis, 1962
=651  \0$aUnited States$xForeign relations$zSoviet Union
=651  \0$aSoviet Union$xForeign relations$zUnited States
=710  10$aUnited States.$bMarine Corps.$bHistory and Museums Division.
=830  \0$aOccasional paper (United States. Marine Corps. History and Museums Division)
=999  \\$a822155

