=LDR  00808nam  2200253   4500
=001  000822294
=003  BIBL
=005  19980827010500.0
=008  751202r19811967miub\\\\\\\\\\000\0\eng\d
=035  9\$a822294
=035  \\$a(OCoLC)01868439
=040  \\$aFXG$cFXG$dIWA
=049  \\$aIWAA
=090  \\$aF1506.4.N5$bJ64x 1981
=100  1\$aJohnson, Wayne Earl$d1932-
=245  14$aThe Honduras-Nicaragua boundary dispute, 1957-1963$bthe peaceful settlement of an international conflict
=260  \\$c1967.
=300  \\$a181 1$bmaps$c18 cm
=500  \\$aThesis-University ofDenver, 1964
=533  \\$aPhotocopy.$bAnn Arbor, Mich. :$cUniversity Microfilms International,$d1981.$e21 cm.
=651  \0$aHonduras$xBoundaries$zNicaragua.
=651  \0$aNicaragua$xBoundaries$zHonduras.
=999  \\$a822294
=092  \\$ano number

