=LDR  00747nam  22002415  4500
=001  000822380
=003  BIBL
=005  20020830085900.0
=008  870728r19811965miua\\\\\\\\\\000\0\eng\d
=035  9\$a822380
=035  \\$a(OCoLC)16310909
=040  \\$aDPL$cDPL$dIWA
=049  \\$aIWAA
=090  \\$aHD243.A6$bH46x 1981
=100  1\$aHenderson, Patrick C.
=245  14$aThe public domain in Arizona, 1863-1891,$cby Patrick C. Henderson.
=260  \\$c1965.
=300  \\$a264 p. [3] leaves$billus., maps, tables.
=500  \\$aThesis--Univeristy of New Mexico.
=504  \\$aBibliography: leaves [247-267]
=533  \\$aPhotocopy.$bAnn Arbor, Mich. :$cUniversity Microfilms International,$d1981.$e21 cm.
=650  \0$aPublic lands$zArizona
=999  \\$a822380

