=LDR  00983nam  2200277   4500
=001  000822909
=003  BIBL
=005  19980827013200.0
=008  760430s1942\\\\cauabc\\\b\\\\000\0\eng\\
=010  \\$a42019281
=035  9\$a822909
=035  \\$a(OCoLC)02150171
=040  \\$aDLC$cCIN$dOCL$dm/c$dIWA
=049  \\$aIWAA
=050  \\$aJK1239$bD424s
=082  \\$a328.3627
=100  1\$aDennison, Eleanor Elizabeth.
=245  14$aThe Senate Foreign relations committee$c[by] Eleanor E. Dennison.
=260  \\$aStanford University, Calif.,$bStanford university press;$aLondon,$bH. Milford, Oxford university press$c[1942]
=300  \\$axviii, 201 p.$billus. (map) ports., diagrs.$c22 cm.
=440  \0$aStanford books in world politics.
=500  \\$aThesis (Ph.D.) - Stanford, 1941. Without thesis note.
=504  \\$aBibliography: p. 148-154.
=610  10$aUnited States.$bCongress.$bSenate.$bCommittee on Foreign Relations.
=651  \0$aUnited States$xForeign relations
=999  \\$a822909

