=LDR  01021cam  2200325 a 4500
=001  000824314
=003  BIBL
=005  19990117143100.0
=008  900202s1991\\\\nyu\\\\\\b\\\\001\0\eng\\
=010  \\$a90008105 //r91
=020  \\$a0873327195 (alk. paper)
=035  9\$a824314
=035  \\$a(OCoLC)21117459
=040  \\$aDLC$cDLC$dIWA
=043  \\$aa-cc---
=049  \\$aIWAA$bPARKS
=050  00$aHC427.92$b.B97 1991
=100  10$aByrd, William A.
=245  14$aThe market mechanism and economic reforms in China /$cWilliam A. Byrd.
=260  \\$aArmonk, N.Y. :$bM.E. Sharpe,$cc1991.
=300  \\$ax, 250 p. ;$c24 cm.
=440  \0$aStudies on contemporary China
=500  \\$a"An East gate book."
=500  \\$aThesis (Ph.D.)--Harvard University, 1987.
=504  \\$aIncludes bibliographical references (p. 237-244) and index.
=650  \0$aIndustrial management$zChina.
=650  \0$aIndustrial policy$zChina.
=650  \0$aSupply and demand$zChina.
=651  \0$aChina$xEconomic policy$y1976-2000.
=999  \\$a824314

