=LDR  01243nam  2200313 a 4500
=001  000828642
=003  BIBL
=005  19980827053600.0
=008  960730s1996\\\\sw\a\\\\\b\\\\000\0\eng\d
=020  \\$a9157651507
=035  9\$a828642
=035  \\$a(OCoLC)35161306
=040  \\$aIWA$cIWA
=049  \\$aIWAV
=090  \\$aSF992.C37$bH34x 1996
=100  00$aHäggström, Jens.
=245  10$aChronic valvular disease in Cavalier King Charles Spaniels :$bepidemiology, inheritance and pathophysiology /$cJens Häggström.
=260  \\$aUppsala :$bDept. of Physiology, Swedish University of Agricultural Sciences,$c1996.
=300  \\$a1 v. (various pagings) :$bill. ;$c24 cm.
=500  \\$aAt head of title: From the Department of Physiology, Faculty of Veterinary Medicine, Swedish University of Agricultural Sciences, Uppsala, Sweden.
=500  \\$aThesis statement in Swedish and English abstract inserted.
=500  \\$aBased on 6 previously prepared or published papers reprinted here.
=500  \\$a"Dissertation."
=504  \\$aIncludes bibliographical references.
=650  \0$aCavalier King Charles spaniel$xDiseases.
=650  \0$aDogs$xDiseases
=650  \0$aVeterinary cardiology
=650  \0$aHeart valves$xDiseases
=999  \\$a828642

