=LDR  00758nam  2200241 a 4500
=001  000832009
=003  BIBL
=005  19980827080000.0
=008  820111s1923\\\\pau\\\\\\\\\\\000\0\eng\d
=035  9\$a832009
=035  \\$a(OCoLC)08057086
=040  \\$aAFU$cAFU$dIWA
=049  \\$aIWAA
=050  \\$aQA611$bM917c
=100  00$aMullikin, Anna Margaret.
=245  10$aCertain theorems relating to plane connected point sets /$c[by] Anna M. Mullikin.
=260  \\$aPhiladelphia :$b[s.n.],$c1923.
=300  \\$ap. 144-162 :$bill.$c28 cm.
=500  \\$aThesis (PH.D.)--University of Pennsylvania, 1922.
=500  \\$a"Reprint from Transactions of the American mathematical society, vol. XXIV, no. 2."
=650  \0$aTopology
=650  \0$aPoint set theory
=999  \\$a832009

