=LDR  01145nam  2200337 a 4500
=001  000834781
=003  BIBL
=005  19980827101200.0
=008  940323s1993\\\\sw\a\\\\\b\\\\000\0\eng\d
=035  9\$a834781
=035  \\$a(OCoLC)30010103
=040  \\$aAGL$cAGL$dIPL$dIWA
=049  \\$aIWAA
=070  0\$aTX341.R36$bnr.10
=072  \0$aF120
=090  \\$aTX558.B7$bA53x 1993
=100  1\$aAndersson, Roger
=245  10$aWheat flour polysaccharides and breadmaking /$cby Roger Andersson.
=260  \\$aUppsala :$bSwedish University of Agricultural Sciences, Dept. of Food Science,$c1993.
=300  \\$a1 v. (various pagings) :$bill. ;$c24 cm.
=490  1\$aRapport,$x1101-5411 ;$v10
=500  \\$aThesis statement in Swedish inserted.
=500  \\$aErrata slip inserted.
=502  \\$aThesis (doctoral)--Sveriges lantbruksuniversitet, 1993.
=504  \\$aIncludes bibliographical references.
=650  \0$aBread$xAnalysis.
=650  \0$aPolysaccharides
=650  \0$aFlour$xComposition.
=830  \0$aRapport (Sveriges lantbruksuniversitet. Institutionen för livsmedelsvetenskap)$v10.
=999  \\$a834781
=092  \\$a664.7523$bAn24w, 1993

