=LDR  01113nam  2200301 a 4500
=001  000834810
=003  BIBL
=005  19980827101400.0
=008  940321s1993\\\\sw\a\\\\\b\\\\000\0\eng\d
=020  \\$a9157647399
=035  9\$a834810
=035  \\$a(OCoLC)29992463
=040  \\$aIPL$cIPL$dIWA
=049  \\$aIWAA
=090  \\$aTD930$bS84x, 1993
=100  00$aSvensson, Lennart.
=245  10$aAmmonia volatilization from land-spread livestock manure :$beffects of factors relating to meteorology, soil/manure, and application technique /$cLennart Svensson.
=260  \\$aUppsala, Sweden :$bSwedish University of Agricultural Sciences, Dept. of Agricultural Engineering :$bSwedish Institute of Agricultural Engineering,$c1993.
=300  \\$a1 v. (various pagings) :$bill. ;$c24 cm.
=500  \\$aThesis statement in Swedish inserted.
=502  \\$aThesis (doctoral)--Sveriges lantbruksuniversitet, 1993.
=504  \\$aIncludes bibliographical references.
=650  \0$aAgricultural wastes
=650  \0$aAmmonia
=650  \0$aManure gases
=650  \0$aFarm manure
=999  \\$a834810
=092  \\$a631.861$bSv25a, 1993

