=LDR  00984nam  2200277 a 4500
=001  000834921
=003  BIBL
=005  19980827101900.0
=008  940411s1993\\\\sw\a\\\\\b\\\\000\0\eng\d
=020  \\$a9157647348
=035  9\$a834921
=035  \\$a(OCoLC)30115251
=040  \\$aIPL$cIPL$dIWA
=049  \\$aIWAA
=090  \\$aQK495.C9$bL36x 1993
=100  1\$aLång, Viola.
=245  14$aThe role of ABA and ABA-induced gene expression in cold acclimation of Arabidopsis thaliana /$cViola Lång.
=260  \\$aUppsala :$bDept. of Molecular Genetics, Uppsala Genetic Center, Swedish University of Agricultural Sciences,$c1993.
=300  \\$a1 v. (various pagings) :$bill. ;$c24 cm.
=500  \\$aThesis statement in Swedish inserted.
=502  \\$aThesis (doctoral)--Sveriges lantbruksuniversitet, 1993.
=504  \\$aIncludes bibliographical references.
=650  \0$aArabidopsis thaliana$xFrost resistance.
=650  \0$aAbscisic acid
=999  \\$a834921
=092  \\$a583.123$bL257r, 1993

