=LDR  00965nam  2200289   4500
=001  000837212
=003  BIBL
=005  19980827122100.0
=008  731207r19731931ii\b\\\\\b\\\\001\0\eng\\
=010  \\$a73904436 //r96
=035  9\$a837212
=035  \\$a(OCoLC)00794229
=040  \\$aDLC$cDLC$dIWA
=043  \\$aa-ii---
=049  \\$aIWAA
=050  00$aDS452$b.R382
=100  1\$aRay, Hem Chandra,$d1897-1964.
=245  14$aThe dynastic history of northern India (early mediaeval period),$cby H. C. Ray. With a foreword by L. D. Barnett.
=250  \\$a[2d ed.
=260  \\$aNew Delhi]$bMunshiram Manoharlal Publishers$c[1973]
=300  \\$a2 v. (xl, 1296 p.)$bfold. col. maps.$c25 cm.
=500  \\$a"Thesis approved for the degree of Doctor of Philosophy in the University of London."
=504  \\$aBibliography: p. 612-614.
=650  \0$aCivilization, Medieval
=651  \0$aIndia$xHistory$y324 B.C.-1000 A.D.
=651  \0$aIndia$xHistory$y1000-1526
=999  \\$a837212

