=LDR  00693nam  2200253   4500
=001  000837251
=003  BIBL
=005  19980827122300.0
=008  740617s1958\\\\nyu\\\\\\b\\\\000\0beng\\
=010  \\$a58031968 /L
=035  9\$a837251
=035  \\$a(OCoLC)00919855
=040  \\$aDLC$cTEU$dXBM$dIWA
=049  \\$aIWAA
=050  0\$aB3583$b.G7
=100  1\$aGrimaldi, Alfonsina Albini.
=245  14$aThe universal humanity of Giambattista Vico.
=260  \\$aNew York,$bS. F. Vanni$c[1958]
=300  \\$a271 p.$c23 cm.
=500  \\$aThesis--Columbia University.
=500  \\$aWithout thesis statement.
=504  \\$aIncludes bibliography.
=600  10$aVico, Giambattista,$d1668-1744.
=999  \\$a837251

