=LDR  01324nam  22003735a 4500
=001  000837392
=003  BIBL
=005  20120411163915.0
=008  891115s1989\\\\sw\a\\\\\b\\\\000\0\eng\d
=020  \\$a9157639221
=035  9\$a837392
=035  \\$a(OCoLC)20653453
=035  \\$a928681
=040  \\$aAGL$cAGL$dOCL$dKKS$dIWA
=041  0\$aengswe
=049  \\$aIWAA
=070  0\$aQR51.R32$bno.42
=072  \0$aR100$aR110
=090  \\$aQR51$bJ66x, 1989
=100  00$aJonsson, Anders.
=245  14$aThe role of yeasts and clostridia in silage deterioration :$bidentification and ecology /$cAnders Jonsson.
=260  \\$aUppsala :$bSwedish University of Agricultural Sciences, Dept. of Microbiology,$c1989.
=300  \\$a1 v. (various pagings) :$bill. ;$c24 cm.
=490  1\$aRapport / Sveriges lantbruksuniversitet, Institutionen för mikrobiologi,$x0348-4041 ;$v42
=500  \\$aThesis consists of summary and six papers.
=502  \\$aThesis (Ph.D.)--Sveriges lantbruksuniversitet, 1989.
=504  \\$aIncludes bibliographical references (p. 43-51).
=650  \0$aAgricultural microbiology
=650  \0$aSilage$xFermentation
=650  \0$aFeeds$xMicrobiology
=650  \0$aYeast
=650  \0$aClostridium
=830  \0$aRapport (Sveriges lantbruksuniversitet. Institutionen för mikrobiologi)$v42.
=999  \\$a837392

