=LDR  01605cam  2200373 a 4500
=001  000837443
=003  BIBL
=005  19991025134200.0
=008  890501s1988\\\\sw\a\\\\\b\\\\000\0\eng\d
=020  \\$a9157635870
=035  9\$a837443
=035  \\$a(OCoLC)19640000
=035  \\$a916482
=040  \\$aAGL$cAGL$dIPL$dIWA
=041  0\$aengswe
=049  \\$aIWAA$bPARKS
=070  0\$aTH4911.A1S9$bno.61
=072  \0$aN100$aL100
=090  \\$aSF91$bN55x, 1988
=100  1\$aNilsson, Christer
=245  10$aFloors in animal houses :$btechnical design with respect to the biological needs of animals in reference to the thermal, friction, and abrasive characteristics and the softness of the flooring material /$cChrister Nilsson.
=260  \\$aLund :$bSveriges lantbruksuniversitet, Institutionen för lantbrukets byggnadsteknik, Avdelningen för jordbrukets byggnads- och klimatteknik,$c1988.
=300  \\$a1 v. (various pagings) :$bill. ;$c30 cm.
=490  1\$aRapport / Sveriges lantbruksuniversitet, Institutionen för lantbrukets byggnadsteknik,$x0348-0259 ;$v61
=500  \\$aEnglish and Swedish.
=500  \\$aThesis statement in Swedish inserted.
=502  \\$aThesis (doctoral)--Sveriges lantbruksuniversitet, 1988.
=504  \\$aIncludes bibliographical references.
=650  \0$aFloors$xDesign and construction.
=650  \0$aDairy cattle$xHousing$xDesign and construction.
=650  \0$aSwine$xHousing$xDesign and construction.
=830  \0$aRapport (Sveriges lantbruksuniversitet. Institutionen för lantbrukets byggnadsteknik)$v61.
=999  \\$a837443
=092  \\$a636.2142$bN599f, 1988

