=LDR  00985nam  2200277 a 4500
=001  000838958
=003  BIBL
=005  19980827140800.0
=008  940502s1993\\\\sw\a\\\\\b\\\\000\0\eng\d
=020  \\$a9157647380
=035  9\$a838958
=035  \\$a(OCoLC)30365331
=040  \\$aIWA$cIWA
=049  \\$aIWAA
=090  \\$aSB299.R2$bE54x 1993
=100  1\$aEngqvist, Gabriele.
=245  10$aBiometrical genetics of oilseed rape :$bselection among crosses in F3 /$cby Gabriele Engqvist.
=260  \\$aSvalöv, Sweden :$bSwedish University of Agricultural Sciences, Dept. of Plant Breeding Research,$c1993.
=300  \\$a1 v. (various pagings) :$bill. ;$c24 cm.
=500  \\$aThesis t.p. and abstract inserted.
=500  \\$aBased on 5 previously prepared or published papers reprinted here.
=502  \\$aThesis (doctoral)--Sveriges lantbruksuniversitet, 1993.
=504  \\$aIncludes bibliographical refererences.
=650  \0$aRape (Plant)$xGenetics.
=650  \0$aRapeseed
=999  \\$a838958

