=LDR  00941nam  22002778a 4500
=001  000839889
=003  BIBL
=005  20031117152900.0
=008  911022s1991\\\\gw\\\\\\\b\\\\001\0\eng\\
=010  \\$a91041553
=020  \\$a0387549722 (alk. paper)
=020  \\$a3540549722 (alk. paper : W. Germany)
=035  9\$a839889
=035  \\$a(OCoLC)24796518
=040  \\$aDLC$cDLC$dSJD$dIWA
=082  00$a005.1$220
=090  \\$aQA76$b.L4 v.562
=100  1\$aBreu, R.$q(Ruth),$d1964-
=245  10$aAlgebraic specification techniques in object oriented programming environments /$cR. Breu.
=260  \\$aBerlin ;$aNew York :$bSpringer-Verlag,$cc1991.
=300  \\$axi, 228 p. :$bill. ;$c25 cm.
=440  \0$aLecture notes in computer science$v562
=500  \\$aThesis (Ph.D.)--Institut für Informatik, München.
=504  \\$aIncludes bibliographical references and index.
=650  \0$aObject-oriented programming (Computer science)
=999  \\$a839889

