=LDR  00928nam  2200277 i 4500
=001  000842687
=003  BIBL
=005  19980827180000.0
=008  790327r19711943nyuaf\\\\b\\\\001\0\eng\d
=035  9\$a842687
=035  \\$a(OCoLC)04788693
=040  \\$aCUI$cCUI$dIWA
=049  \\$aIWAA
=090  \\$aQK495$b.H42 F63x
=100  10$aFosberg, F. Raymond$q(Francis Raymond),$d1908-
=245  14$aThe Polynesian species of Hedyotis (Rubiaceae) /$cby F. Raymond Fosberg.
=260  \\$aNew York :$bKraus Reprint,$c1971.
=300  \\$a102 p., [2] leaves of plates :$bill. ;$c23 cm.
=440  \0$aBernice P. Bishop Museum bulletin$v174.
=500  \\$aReprint of the 1943 ed., published by The Museum, Honolulu, as its Bulletin, 174.
=500  \\$aThesis (Ph.D.)-- University of Pennsylvania, 1943.
=500  \\$aIncludes index.
=504  \\$aBibliography: p. 99-100.
=650  \0$aHedyotis
=650  \0$aBotany$zPolynesia.
=999  \\$a842687

