=LDR  01002nam  2200277 a 4500
=001  000842836
=003  BIBL
=005  19980827180900.0
=008  960819s1996\\\\sw\a\\\\\b\\\\000\0\eng\d
=020  \\$a9157650888
=035  9\$a842836
=035  \\$a(OCoLC)35268534
=040  \\$aIWA$cIWA
=049  \\$aIWAV
=090  \\$aSF967.R47$bE48x 1996
=100  1\$aElvander, Marianne.
=245  12$aA study of bovine respiratory syncytial virus infections in Swedish cattle /$cMarianne Elvander.
=260  \\$aUppsala :$bSection of Virology, Dept. of Veterinary Microbiology, Swedish University of Agricultural Sciences,$c1996.
=300  \\$a1 v. (various pagings) :$bill. ;$c24 cm.
=500  \\$aThesis statement in Swedish and English abstract inserted.
=500  \\$aBased on 5 previously prepared or published papers reprinted here.
=500  \\$a"Dissertation."
=504  \\$aIncludes bibliographical references.
=650  \0$aCattle$xVirus diseases
=650  \0$aRespiratory organs$xDiseases
=999  \\$a842836

