=LDR  01094nam  2200289 a 4500
=001  000842868
=003  BIBL
=005  19980827181100.0
=008  960809s1996\\\\sw\a\\\\\b\\\\000\0\eng\d
=020  \\$a9157651051
=035  9\$a842868
=035  \\$a(OCoLC)35218413
=040  \\$aIWA$cIWA
=049  \\$aIWAV
=090  \\$aSF997.5.C3$bA23x 1996
=100  1\$aAbdurahman, Omar A. Sh.
=245  10$aStudies on mastitis in the camel :$bcytological, bacteriological and diagnostic aspects /$cby Amar A.Sh. Abdurahman.
=260  \\$aUppsala :$bDept. of Obstetrics and Gynaecology, Faculty of Veterinary Medicine, Swedish University of Agricultural Sciences,$c1996.
=300  \\$a1 v. (various pagings) :$bill. ;$c24 cm.
=500  \\$aThesis statement in Swedish and English abstract inserted.
=500  \\$aBased on 7 previously prepared or published papers reprinted here.
=502  \\$aThesis (doctoral)--Sveriges lantbruksuniversitet, 1996.
=504  \\$aIncludes bibliographical references.
=650  \0$aCamels$xDiseases.
=650  \0$aCamels$xPhysiology.
=650  \0$aCamel milk
=999  \\$a842868

