=LDR  01217nam  2200313 a 4500
=001  000842900
=003  BIBL
=005  19980827181300.0
=008  960828s1996\\\\sw\a\\\\\b\\\\000\0\eng\d
=020  \\$z91576511140
=035  9\$a842900
=035  \\$a(OCoLC)35311750
=040  \\$aIWA$cIWA
=049  \\$aIWAV
=090  \\$aRA644.B32$bK76x 1996
=100  1\$aKrovacek, Karel.
=245  10$aAeromonas spp. as foodborne pathogens :$bstudies on the occurrence, and virulence profiles of Aeromonas spp. isolated from foods, drinking water, marine environment and human clinical sources /$cKarel Krovacek.
=260  \\$aUppsala :$bSwedish University of Agricultural Sciences, Dept. of Veterinary Microbiology, Section of Bacteriology, Faculty of Veterinary Medicine, Biomedical Centre,$c1996.
=300  \\$a1 v. (various pagings) :$bill. ;$c24 cm.
=500  \\$aThesis statement in Swedish.
=500  \\$aBased on 7 previously published papers reprinted here.
=500  \\$a"Dissertation."
=504  \\$aIncludes bibliographical references.
=650  \0$aAeromonas
=650  \0$aPathogenic bacteria
=650  \0$aFood$xMicrobiology
=650  \0$aWater$xMicrobiology
=650  \0$aVirulence (Microbiology)
=999  \\$a842900

