=LDR  00881nam  2200277   4500
=001  000843545
=003  BIBL
=005  20030826152900.0
=008  770907s1926\\\\xx\\\\\\\\\\\\000\0\eng\\
=010  \\$a26027253
=035  9\$a843545
=035  \\$a(OCoLC)03245624
=040  \\$aDLC$cTXU$dOCL$dIWA
=049  \\$aIWAA
=090  \\$aQK188$bT329s
=100  00$aTharp, Benjamin Carroll,$d1885-
=245  10$aStructure of Texas vegetation east of the 98th meridian,$cby Benjamin Carroll Tharp.
=260  \\$aAustin, Texas,$bThe University$c[1926]
=300  \\$a5 p. l., [7]-97, [3] p.$bplates, maps.$c22 cm.
=490  0\$aUniversity of Texas bulletin,$vno. 2606: Feb. 8, 1926
=500  \\$aThesis (Ph. D.) - University of Texas, 1925.
=504  \\$aBibliography: p. [89]-97.
=650  \0$aBotany$zTexas.
=650  \0$aPlant ecology
=650  \0$aBotany$zTexas$xBibliography.
=999  \\$a843545

