=LDR  01299nam  22003611  4500
=001  000844919
=003  BIBL
=005  19980827195300.0
=008  810725s1922\\\\xx\a\\\\\\\\\\000\0\eng\d
=010  \\$a24029086
=035  9\$a844919
=035  \\$a(OCoLC)14779554
=040  \\$aNLM$cNLM$dIWA
=049  \\$aIWAA
=060  0\$aQU 90$bH876d 1921
=090  \\$aQP801.A17$bH861d
=100  1\$aHubbard, Roger Sanford,$d1888-
=245  14$aThe determination of the acetone bodies in blood, urine and expired air,$bthe effect of diets high in fat upon the excretion of the acetone bodies,$cby Roger S. Hubbard ...
=260  \\$a[Baltimore,$c1922]
=300  \\$a2 p. l., p. 43-65, 351-388, 361-402.$bdiagrs.$c22 cm.
=500  \\$aThesis note on p. [3] and p. 351.
=500  \\$aTwo of the articles are in collaboration with F. R. Wright.
=502  \\$aThesis (Ph.D.)--Washington University, St. Louis, 1921.
=503  \\$aReprinted from the Journal of biological chemistry, vol. XLIII, no. 1, 1920, vol. XLIX, no. 2, December 1921, and vol. L, no. 2, February 1922.
=504  \\$aContains bibliographies.
=650  \0$aAcetone
=650  \0$aBlood$xAnalysis
=650  \0$aUrine
=650  \0$aFat
=650  \0$aDiet
=700  10$aWright, Floyd Robbins,$d1874-
=999  \\$a844919
=069  0\$a08410070R

