=LDR  01264nam  2200301 a 4500
=001  000845854
=003  BIBL
=005  19980827203700.0
=008  960828s1996\\\\sw\a\\\\\b\\\\000\0\eng\d
=020  \\$a9157651086
=035  9\$a845854
=035  \\$a(OCoLC)35311710
=040  \\$aIWA$cIWA
=049  \\$aIWAA
=090  \\$aQL638.S2$bS8x 1996
=100  1\$aSu, Guosheng.
=245  10$aGenetic analysis of growth and reproductive traits in rainbow trout /$cby Guosheng Su.
=260  \\$aUppsala :$bSwedish University of Agricultural Sciences, Dept. of Animal Breeding and Genetics,$c1996.
=300  \\$a1 v. (various pagings) :$bill. ;$c24 cm.
=490  1\$aRapport / Institutionen för husdjursgenetik,$x0347-9706 ;$v123 = Publication / Swedish University of Agricultural Sciences, Department of Animal Breeding and Genetics ;$vno. 123
=500  \\$aThesis statement in Swedish and English abstract inserted.
=500  \\$aBased on 4 previously prepared or published papers reprinted here.
=500  \\$a"Dissertation."
=500  \\$a"ISRN SLU-HGEN-R--123--SE."
=504  \\$aIncludes bibliographical references.
=650  \0$aRainbow trout$xGrowth.
=830  \0$aRapport (Sveriges lantbruksuniversitet. Institutionen för husdjursgenetik)$vno. 123.
=999  \\$a845854

