=LDR  01481cam  2200349 a 4500
=001  000859109
=003  BIBL
=005  19991025134400.0
=008  960916s1996\\\\sw\a\\\\\b\\\\000\0\eng\d
=020  \\$a9157651345
=035  9\$a859109
=035  \\$a(OCoLC)35562165
=040  \\$aIWA$cIWA
=049  \\$aIWAA$bPARKS
=090  \\$aS589.5$bR67x, 1996
=100  1\$aRosén, Klas.
=245  10$aField studies on the behaviour of radiocaesium in agricultural environments after the Chernobyl accident /$cby Klas Rosén.
=260  \\$aUppsala :$bSveriges lantbruksuniversitet,$c1996.
=300  \\$a1 v. (various pagings) :$bill. ;$c24 cm.
=490  1\$aRapport / Institutionen för radioekologi,$x0280-7963 ;$vSLU-REK-78 = Report / Swedish University of Agricultural Sciences, Department of Radioecology ;$vSLU-REK-78
=500  \\$aThesis statement in Swedish and English abstract inserted.
=500  \\$aBased on 5 previously prepared or published papers reprinted here.
=500  \\$a"Dissertation."
=500  \\$a"ISRN SLU-REK-R--78--SE."
=504  \\$aIncludes bibliographical references.
=650  \0$aRadioisotopes in agriculture$zSweden.
=650  \0$aSoils, Radioactive substances in
=650  \0$aRadioactive pollution of soils$zSweden.
=650  \0$aRadioactive contamination of food$zSweden.
=650  \0$aChernobyl Nuclear Accident, Chornobylʹ, Ukraine, 1986
=830  \0$aRapport (Sveriges lantbruksuniversitet. Institutionen főr radioekologi)$v78.
=999  \\$a859109

