=LDR  00683nam  2200241   4500
=001  000863150
=003  BIBL
=005  19980828101000.0
=008  770302s1950\\\\nyu\\\\\\\\\\\000\0beng\\
=010  \\$a50012887
=035  9\$a863150
=035  \\$a(OCoLC)02771994
=040  \\$aDLC$cTOL$dSER$dIWA
=049  \\$aIWAA
=050  0\$aPR3727$b.J6
=100  1\$aJohnson, Maurice O.,$d1913-
=245  14$aThe sin of wit;$bJonathan Swift as a poet.
=260  \\$a[Syracuse]$bSyracuse University Press$c[c1950]
=300  \\$axvii, 145 p.$billus., port.$c23 cm.
=500  \\$aThesis--Columbia University.
=500  \\$aWithout thesis statement.
=600  10$aSwift, Jonathan,$d1667-1745
=999  \\$a863150

