=LDR  01111nam  2200325 a 4500
=001  000869876
=003  BIBL
=005  19980828172700.0
=008  900721s1990\\\\sw\ab\\\\b\\\\000\0\eng\d
=020  \\$a9157641137
=035  9\$a869876
=035  \\$a(OCoLC)22108092
=040  \\$aAGL$cAGL$dOKS$dAGL$dLUU$dKKS$dIWA
=049  \\$aIWAV
=070  0\$aSF401.C2M6
=072  \0$aL100$aQ501$aQ101
=090  \\$aSF251$bM64x, 1990
=100  1\$aMohamed, Muctar Ali.
=245  10$aCamel milk :$bchemical composition, characterization of casein and preliminary trial of cheese-making properties /$cby Muctar Ali Mohamed.
=260  \\$aUppsala :$bSwedish University of Agricultural Sciences, Dept. of Chemistry,$c1990.
=300  \\$a1 v. (various pagings) :$bill., map ;$c29 cm.
=500  \\$aThesis t.p. in Swedish with English abstract inserted.
=502  \\$aThesis (Ph.D.)--Sveriges lantbruksuniversitet, 1990.
=504  \\$aIncludes bibliographical references.
=650  \0$aCamel milk$xComposition.
=650  \0$aCasein
=650  \0$aMilk$xCurdling
=650  \0$aCheese
=999  \\$a869876
=092  \\$a637.17$bM697c

