=LDR  01119cam  2200301 a 4500
=001  000871740
=003  BIBL
=005  20010521143700.0
=008  961112s1996\\\\fi\a\\\\\b\\\\001\0\ger\c
=010  \\$a96219141
=020  \\$a9529769083
=035  9\$a871740
=035  \\$a(OCoLC)35919808
=040  \\$aCU$cCUY$dDLC$dIWA
=042  \\$apcc
=049  \\$aIWAA$bPARKS
=050  04$aPT2635.I65$bA898 1996
=100  1\$aWitzleben, Brigitte von
=245  10$aUntersuchungen zu Rainer Maria Rilkes "Die Aufzeichnungen des Malte Laurids Brigge" :$bStudien zu den Quellen und zur Textüberlieferung /$cBrigitte von Witzleben.
=260  \\$aVaasa :$bUniversität Vaasa, Institut für Deutsche Sprache und Literatur,$c1996.
=300  \\$a309 p. :$bill. ;$c25 cm.
=440  \0$aSaxa.$pSonderband$v1
=500  \\$aThesis t.p. tipped in.
=502  \\$aThesis (doctoral)--Universität Vaasa, 1996.
=504  \\$aIncludes bibliographical references (p. 256-293) and indexes.
=600  10$aRilke, Rainer Maria,$d1875-1926.$tAufzeichnungen des Malte Laurids Brigge
=600  10$aRilke, Rainer Maria,$d1875-1926$xSources.
=999  \\$a871740

