=LDR  00851nam  2200253   4500
=001  000872345
=003  BIBL
=005  19980828195400.0
=008  900621s1955\\\\sw\a\\\\\b\\\\000\0\eng\d
=035  9\$a872345
=035  \\$a(OCoLC)21895883
=040  \\$aNDD$cNDD$dIWA
=049  \\$aIWAA
=090  \\$aQD181.Z6$bB556t
=100  1\$aBjörling, Gotthard.
=245  10$aTreatise on the gaseous reduction of zinc oxide.$bA study of the rate of reduction, with a comparison of the gaseous reduction of the oxides of cadmium, lead and tin.
=260  \\$aStockholm$b[Ivar Haeggströms Boktryckeri]$c1955
=300  \\$a121, [1] p.$billus., diagrs., tables.$c25 cm.
=500  \\$a"No. 102."
=500  \\$aThesis note on added t.p.
=502  \\$aAvhandling--Kungl. Tekniska högskolan.
=504  \\$aBibliography: p. 120-[122].
=650  \0$aZinc oxide
=999  \\$a872345

