=LDR  00820nam  2200253   4500
=001  000873549
=003  BIBL
=005  19980828204900.0
=008  810331s1937\\\\enkb\\\\\b\\\\000\0\eng\c
=010  \\$aagr38000105
=035  9\$a873549
=035  \\$a(OCoLC)07289107
=040  \\$aU.S. Dept. of agr. Library$cKLG$dIWA
=043  \\$aa-ii---
=049  \\$aIWAA
=090  \\$aS573.I4$bH9a
=100  1\$aHusain, Saiyid A.
=245  10$aAgricultural marketing in northern India,$cby S.A. Husain ... With a foreword by Sir Harry Lindsay ...
=260  \\$aLondon,$bG. Allen & Unwin ltd.$c[1937]
=300  \\$a342 p.$billus.$c23 cm.
=500  \\$a"Thesis approved for the degree of doctor of philosophy in the University of London."
=504  \\$aBibliography: p. [327]-329.
=650  \0$aFarm produce$zIndia$xMarketing
=999  \\$a873549

