=LDR  00759nam  2200253   4500
=001  000874740
=003  BIBL
=005  19980828214500.0
=008  740211s1949\\\\xx\\\\\\\\\\\\000\0\eng\u
=010  \\$aa 50001221
=035  9\$a874740
=035  \\$a(OCoLC)00795244
=040  \\$cCWR$dSER$dSMI$dIWA
=049  \\$aIWAA
=090  \\$aQH31$bX14m
=100  1\$aMadden, Henry Miller.
=245  10$aXántus, Hungarian naturalist in the pioneer West.
=260  \\$aPalo Alto,$bBooks of the West,$c1949.
=300  \\$a312 p.$bplates, ports.$c23 cm.
=500  \\$a"Biota Xántusiana": p.251-291.
=500  \\$aThesis--Columbia University. This edition without thesis statement.
=504  \\$aBibliography: p.295-308.
=600  10$aXántus, János,$d1825-1894.
=999  \\$a874740

