=LDR  01416nam  2200325 a 4500
=001  000877819
=003  BIBL
=005  19991025133000.0
=008  901113s1990\\\\sw\a\\\\\b\\\f000\0\eng\d
=020  \\$a9157641560
=035  9\$a877819
=035  \\$a(OCoLC)22682836
=040  \\$aOKS$cOKS$dKKS$dIWA
=049  \\$aIWAV
=090  \\$aSF487$bA85x, 1990
=100  1\$aAskbrant, Stefan.
=245  14$aThe concept of metabolisable energy for poultry :$ba study on effects of bird age, protein retained, level of feed intake, and endogenous excretions on dietary energy metabolised /$cby Stefan Askbrant.
=260  \\$aUppsala :$bSwedish University of Agricultural Sciences, Dept. of Animal Nutrition and Management,$c1990.
=300  \\$a1 v. (various pagings) :$bill. ;$c24 cm.
=490  1\$aRapport / Sveriges landbruksuniversitet, Institutionen för husdjurens utfodring och vård,$x0347-9838 ;$v194
=500  \\$aThesis statement sheet inserted.
=502  \\$aThesis (Ph.D.)--Sveriges lantbruksuniversitet, 1990.
=504  \\$aIncludes bibliographical references.
=650  \0$aPoultry$xMetabolism.
=650  \0$aEnergy metabolism$xEffect of age on.
=650  \0$aProteins in animal nutrition
=650  \0$aEnergy metabolism$xEffect of animal feeding on.
=830  \0$aRapport (Sveriges lantbruksuniversitet. Institutionen főr husdjurens utfodring och vård)$v194.
=999  \\$a877819
=092  \\$a598.6104133$bA834c

