=LDR  01190nam  2200325 a 4500
=001  000878707
=003  BIBL
=005  19980829003500.0
=008  961001s1996\\\\sw\a\\\\\b\\\\000\0\eng\d
=020  \\$a9157652066
=035  9\$a878707
=035  \\$a(OCoLC)35659543
=040  \\$aFUG$cFUG$dUIU$dAGL$dIWA
=049  \\$aIWAA
=070  0\$aS419.A28$bno.4
=072  \0$aF600
=090  \\$aQK882$bT29x 1996
=100  1\$aTaylor, T. C.$q(Thomas C.)
=245  10$aCrystallographic studies of ribulose-1,5-bisphosphate carboxylase/oxygenase :$btowards an understanding of the mechanism /$cT.C. Taylor.
=260  \\$aUppsala :$bSwedish University of Agricultural Sciences,$c1996.
=300  \\$a1 v. (various pagings) :$bill. ;$c24 cm.
=490  1\$aActa Universitatis Agriculturae Sueciae. Agraria,$x1401-6249 ;$v4
=500  \\$aThesis statement and English abstract inserted.
=502  \\$aThesis (Ph.D.)--Swedish University of Agricultural Sciences, 1996.
=504  \\$aIncludes bibliographical references.
=650  \0$aPhotosynthesis$xRegulation
=650  \0$aPlant enzymes
=830  \0$aActa Universitatis Agriculturae Sueciae.$pAgraria$v4.
=999  \\$a878707
=092  0\$a572.462$bT218c$221

