=LDR  01101nam  2200313 a 4500
=001  000878709
=003  BIBL
=005  19980829003500.0
=008  961001s1996\\\\sw\ab\\\\b\\\\000\0\eng\d
=020  \\$a9157652007
=035  9\$a878709
=035  \\$a(OCoLC)35659552
=040  \\$aFUG$cFUG$dAGL$dIWA
=043  \\$af-ug---
=049  \\$aIWAA
=070  0\$aS419.A28$bno.1
=072  \0$aF140
=090  \\$aHD9199.U332$bZ47x 1996
=100  00$aZerihun, Tadesse.
=245  12$aA network approach to the coffee market sub-sector in Uganda /$cTadesse Zerihun.
=260  \\$aUppsala :$bSwedish University of Agricultural Sciences,$c1996.
=300  \\$a221, 86 p. :$bill., map ;$c24 cm.
=490  1\$aActa Universitatis Agriculturae Sueciae. Agraria,$x1401-6249 :$v1
=500  \\$aThesis statement in Swedish and English abstract inserted.
=502  \\$aThesis (Ph. D.)--Swedish University of Agricultural Sciences, 1996.
=504  \\$aIncludes bibliographical references (p. 211-221).
=650  \0$aCoffee industry$zUganda.
=830  \0$aActa Universitatis Agriculturae Sueciae.$pAgraria$v1.
=999  \\$a878709

