=LDR  01169nam  2200313 a 4500
=001  000878711
=003  BIBL
=005  19980829003500.0
=008  961001s1996\\\\sw\a\\\\\b\\\\000\0\eng\d
=020  \\$a9157652104
=035  9\$a878711
=035  \\$a(OCoLC)35659550
=040  \\$aFUG$cFUG$dUIU$dAGL$dOCL$dIWA
=049  \\$aIWAA
=070  0\$aS419.A28$bno.6
=072  \0$aL600
=090  \\$aSF768.2.C3$bS26x 1996
=100  1\$aSamuelsson, Berit.
=245  14$aThe influence of management routines on endocrine systems involved in the control of lactation in dairy cattle /$cBerit Samuelsson.
=260  \\$aUppsala :$bSwedish University of Agricultural Sciences,$c1996.
=300  \\$a1 v. (various pagings) :$bill. ;$c24 cm.
=490  1\$aActa Universitatis Agriculturae Sueciae. Agraria,$x1401-6249 ;$v6
=500  \\$aThesis statement in Swedish and English abstract inserted.
=502  \\$aThesis (Ph. D.)--Swedish University of Agricultural Sciences, 1996.
=504  \\$aIncludes bibliographical references.
=650  \0$aDairy cattle$xPhysiology.
=830  \0$aActa Universitatis Agriculturae Sueciae.$pAgraria$v6.
=999  \\$a878711
=092  0\$a636.2142$bSa49i$221

