=LDR  01105cam  2200313 a 4500
=001  000878995
=003  BIBL
=005  19990120020600.0
=008  911022s1991\\\\sw\a\\\\\b\\\\000\0\eng\d
=035  9\$a878995
=035  \\$a(OCoLC)24602090
=035  \\$a959925
=040  \\$aAGL$cAGL$dIWA
=049  \\$aIWAV$bVET
=070  0\$aSF959.L3E38
=072  \0$aL840
=090  \\$aSF959.L3$bE34x 1991
=100  1\$aEkfalck, Anders.
=245  10$aStudies on the morphology and biochemistry of the epidermal tissue of the equine and the bovine hoof with special reference to laminitis /$cby Anders Ekfalck.
=260  \\$aUppsala :$bDept. of Medicine and Surgery, Faculty of Veterinary Medicine, Swedish University of Agricultural Sciences,$c1991.
=300  \\$a1 v. (various pagings) :$bill. ;$c24 cm.
=500  \\$aThesis statement in Swedish.
=502  \\$aThesis (doctoral)--Swedish University of Agricultural Sciences, 1991.
=504  \\$aIncludes bibliographical references.
=650  \0$aLaminitis
=650  \0$aHoofs$xDiseases.
=650  \0$aHorses$xDiseases
=650  \0$aCattle$xDiseases
=999  \\$a878995

