=LDR  00954nam  2200253 i 4500
=001  000879045
=003  BIBL
=005  19980829004700.0
=008  790110s1936\\\\cou\\\\\\\\\\s000\0\eng\d
=020  \\$bpbk.
=035  9\$a879045
=035  \\$a(OCoLC)04539257
=040  \\$aCOF$cCOF$dIWA
=049  \\$aIWAA
=090  \\$aSF199.R3$bG91c
=100  1\$aGrout, George P.
=245  10$aConstructive line breeeding in milk and beef red polled cattle :$bthe influence of Jean Du Luth blood lines on dual purpose red polls in America as shown by official records published in the herd books of the breed from 1914 to 1934 (20 years) /$csubmitted by Geo. P. Grout.
=260  \\$aFort Collins, Colo.:$bColorado State College of Agriculture and Mechanic Arts,$c1936.
=300  \\$a[51] leaves ;$c28 cm.
=500  \\$aMimeographed.
=500  \\$aThesis (D.Sc.)-- McMurray college, Abilene, Tex.
=650  \0$aRed-polled cattle
=650  \0$aCattle$xBreeding
=999  \\$a879045

