=LDR  01166cam  2200313 a 4500
=001  000879797
=003  BIBL
=005  19990116033800.0
=008  961203s1996\\\\sw\a\\\\\b\\\\000\0\eng\d
=020  \\$a9157652236
=035  9\$a879797
=035  \\$a(OCoLC)36025084
=040  \\$aIWA$cIWA
=049  \\$aIWAV$bVET
=090  \\$aSF887$bB45x, 1996
=100  00$aBekana, Merga.
=245  10$aClinical, ultrasonographic, bacteriological and hormonal studies in post-partum cows with particular emphasis on retained fetal membranes /$cMerga Bekana.
=260  \\$aUppsala, Sweden :$bSwedish University of Agricultural Sciences,$c1996.
=300  \\$a1 v. (various pagings) :$bill. ;$c24 cm.
=440  \0$aActa Universitatis Agriculturae Sueciae.$pVeterinaria$v2
=500  \\$aThesis statement in Swedish and English abstract inserted.
=500  \\$aAuthor's thesis, based on 5 previously prepared or published papers reprinted here.
=504  \\$aIncludes bibliographical references.
=650  \0$aCattle$xParturition
=650  \0$aCattle$xReproduction
=650  \0$aCows$xParturition.
=650  \0$aCows$xReproduction.
=650  \0$aVeterinary obstetrics
=999  \\$a879797

