=LDR  01346nam  2200349 a 4500
=001  000880329
=003  BIBL
=005  19991025133000.0
=008  900601s1989\\\\sw\a\\\\\b\\\f000\0\eng\d
=020  \\$a9157639701
=035  9\$a880329
=035  \\$a(OCoLC)21666883
=040  \\$aLBD$cLBD$dKKS$dIWA
=049  \\$aIWAV
=090  \\$aSF203$bE43x, 1989
=100  1\$aEmanuelson, Margareta.
=245  10$aRapeseed products of double low cultivars to dairy cows :$beffects of long-term feeding and studies on rumen metabolism /$cMargareta Emanuelson.
=260  \\$aUppsala :$bSwedish University of Agricultural Sciences, Department of Animal Nutrition and Management,$c1989.
=300  \\$a182 p. :$bill. ;$c25 cm.
=490  1\$aRapport / Institutionen för husdjurens utfodring och vård,$x0347-9838 ;$v189
=500  \\$aThesis statement/abstract sheet inserted.
=502  \\$aThesis (Ph.D.)--Sveriges lantbruksuniversitet, 1989.
=504  \\$aBibliography: p. 160-177.
=650  \0$aDairy cattle$xFeeding and feeds
=650  \0$aRapeseed$xPhysiological effect.
=650  \0$aRumen fermentation
=650  \2$aRumen$xmetabolism
=650  \2$aCattle$xPhysiology
=650  \2$aAnimal nutrition
=650  \0$aMilk yield
=830  \0$aRapport (Sveriges lantbruksuniversitet. Institutionen főr husdjurens utfodring och vård)$v189.
=999  \\$a880329

