=LDR  01307nam  2200325 a 4500
=001  000880331
=003  BIBL
=005  20030922113600.0
=008  900601s1989\\\\sw\a\\\\\b\\\f000\0\eng\d
=020  \\$a9157639256
=035  9\$a880331
=035  \\$a(OCoLC)21666303
=040  \\$aLBD$cLBD$dKKS$dIWA
=049  \\$aIWAV
=090  \\$aSF971$bG67x, 1989
=100  10$aGöransson, L.$q(Leif)
=245  14$aThe effect of nutrition on post partum agalactia in the sow /$cLeif Göransson.
=260  \\$aUppsala, Sweden :$bSwedish University of Agricultural Sciences, Department of Animal Nutrition and Management,$c1989.
=300  \\$a1 v. (various pagings) :$bill. ;$c24 cm.
=490  1\$aRapport / Institutionen för husdjurens utfodring och vård,$x0347-9838 ;$v188
=500  \\$aThesis t.p. in Swedish with English abstract inserted.
=502  \\$aThesis (Ph.D.)--Sveriges lantbruksuniversitet, 1989.
=504  \\$aIncludes bibliographical references.
=650  \0$aSwine$xDiseases$xNutritional aspects.
=650  \0$aSwine$xPregnancy$xNutritional aspects.
=650  \0$aLactation$xNutritional aspects
=650  \0$aSows$xFeeding and feeds.
=650  \0$aSwine$xFeeding and feeds
=830  \0$aRapport (Sveriges lantbruksuniversitet. Institutionen főr husdjurens utfodring och vård)$v188.
=999  \\$a880331

