=LDR  01349nam  2200325 a 4500
=001  000880335
=003  BIBL
=005  19991025133000.0
=008  900503s1989\\\\sw\\\\\\\\\\\\000\0\eng\d
=020  \\$a9157637369
=035  9\$a880335
=035  \\$a(OCoLC)21475046
=040  \\$aOKS$cOKS$dNRC$dIWA
=049  \\$aIWAV
=090  \\$aSF140.S33$bA53x 1989
=100  00$aAndersson, I.$q(Inger)
=245  10$aSafety precautions in Swedish animal husbandry in the event of nuclear power plant accidents /$cInger Andersson.
=260  \\$aUppsala :$bSwedish University of Agricultural Sciences, Department of Animal Nutrition and Management,$c1989.
=300  \\$a1 v. (various pagings) :$bill. ;$c25 cm.
=490  1\$aRapport / Institutionen för husdjurens utfodring och vård,$x0347-9838 ;$v181
=500  \\$aThesis statement in Swedish and English abstract inserted.
=500  \\$aEnglish or Swedish.
=502  \\$aThesis (Ph.D.)--Sveriges lantbruksuniversitet, 1989.
=504  \\$aIncludes bibliographies.
=650  \0$aLivestock$zSweden$xSafety measures.
=650  \0$aDomestic animals$xEffect of radiation on.
=650  \0$aNuclear power plants$zSweden$xAccidents$xEnvironmental aspects.
=830  \0$aRapport (Sveriges lantbruksuniversitet. Institutionen főr husdjurens utfodring och vård)$v181.
=999  \\$a880335
=092  \\$a636.009485$bA552s

