=LDR  00887nam  2200289 a 4500
=001  000880341
=003  BIBL
=005  19980829013100.0
=008  871112s1930\\\\inua\\\\\b\\\s000\0\eng\d
=035  9\$a880341
=035  \\$a(OCoLC)16968535
=035  \\$a216056
=040  \\$aRQF$cRQF$dAGL$dOCL$dIWA
=049  \\$aIWAA
=070  0\$a100$bIn2P no.340
=072  \7$aL600$aE710$aQ500
=090  \\$aSF395$bSco83i
=100  1\$aScott, Ernest Lyman,$d1877-
=245  14$aThe influence of the growth and fattening processes on the quantity and quality of meat yielded by swine /$c[E.L. Scott].
=260  \\$a[Lafayette, Ind.,$c1930]
=300  \\$a105 p. :$bill. ;$c23 cm.
=500  \\$aThesis (Ph. D.)--Purdue University, 1930.
=500  \\$a"Literature cited": p. 64-67.
=650  \0$aSwine
=650  \0$aPork industry and trade$zUnited States.
=999  \\$a880341
=092  \\$a630.7$bIn2b, no.340

