=LDR  01110nam  2200289 a 4500
=001  000881323
=003  BIBL
=005  19980829020500.0
=008  970625s1988\\\\ne\a\\\\\b\\\\000\0\eng\d
=035  9\$a881323
=035  \\$a(OCoLC)37189135
=040  \\$aIWA$cIWA
=041  0\$aeng$bdut
=049  \\$aIWAV
=090  \\$aQR201.M6$bM66x 1988
=100  1\$aAbdillahi, Hussein.
=245  10$aMonoclonal antibodies and Neisseria meningitidis :$btyping and subtyping for epidemiological surveillance and vaccine development = Monoclonale antilichamen en Neisseria meningitidis : typering en subtypering voor epidemiologisch onderzoek en vaccin ontwikkeling /$cdoor Hussein Abdillahi.
=260  \\$aUtrecht :$b[Rijksuniversiteit te Utrecht],$c1988.
=300  \\$a168 p. :$bill. ;$c25 cm.
=500  \\$aSummaries in English and Dutch.
=500  \\$aThesis (doctoral)--Rijksuniversiteit te Utrecht, 1988.
=504  \\$aIncludes bibliographical references.
=650  \0$aMeningitis
=650  \0$aMeningitis$xImmunology.
=650  \0$aMonoclonal antibodies
=650  \0$aNeisseria meningitidis$xImmunology.
=999  \\$a881323

