=LDR  00914nam  2200289 i 4500
=001  000881543
=003  BIBL
=005  19980829021200.0
=008  760212s1962\\\\wau\\\\\\\\\\\000\0\eng\d
=035  9\$a881543
=035  \\$a(OCoLC)01986616
=040  \\$aDGU$cDGU$dIWA
=049  \\$aIWAA
=090  \\$aDR39$bB63n 1962
=100  00$aBoba, Imre,$d1919-
=245  10$aNomads in the formation of the Kievan state.$cby Imre Boba.
=260  \\$a[Seattle, Wash.] :$b[s.n.],$c1962.
=300  \\$aii, 229 leaves.
=500  \\$aThesis--University of Washington.
=500  \\$aVita.
=500  \\$aLater published under title: Nomads, Northmen and Slavs.
=504  \\$aIncludes bibliographical references.
=533  \\$aPhotocopy.$bAnn Arbor, Mich. :$cUniversity Microfilms,$d1970.$e22 cm.
=650  \0$aNomads
=651  \0$aEurope, Eastern$xHistory
=651  00$aSoviet Union$xHistory$yKievan period, 862-1237.
=999  \\$a881543

