=LDR  01162nam  2200313 a 4500
=001  000885175
=003  BIBL
=005  19991025134600.0
=008  890811s1988\\\\sw\a\\\\\b\\\\000\0\eng\d
=020  \\$a9157632898
=035  9\$a885175
=035  \\$a(OCoLC)20161563
=035  \\$a928264
=040  \\$aAGL$cAGL$dUIU$dIWA
=049  \\$aIWAV
=070  0\$aSF757.R36$bno.18
=072  \0$aL830$aL100
=090  \\$aSF961$bB46x, 1988
=100  1\$aBendixen, P. H.
=245  10$aRisk indicators of disease occurrence in dairy cows in Sweden /$cP.H. Bendixen.
=260  \\$aSkara :$bSveriges lantbruksuniversitet, Veterinärmedicinska fakulteten, Institutionen för husdjurshygien,$c1988.
=300  \\$a1 v. (various pagings) :$bill. ;$c24 cm.
=440  \0$aRapport (Sveriges lantbruksuniversitet. Institutionen för husdjurshygien)$v18
=500  \\$aThesis statement in Swedish inserted.
=502  \\$aThesis (doctoral)--Sveriges lantbruksuniversitet, Veterinärmedicinska fakulteten, Institutionen för husdjurshygien, 1988.
=504  \\$aIncludes bibliographical references.
=650  \0$aCattle$xDiseases$zSweden.
=999  \\$a885175
=092  0\$a636.20896$bB433r$220

