=LDR  01140nam  2200313 a 4500
=001  000887657
=003  BIBL
=005  19980829054000.0
=008  931105s1987\\\\sw\a\\\\\b\\\\000\0\eng\d
=020  \\$a9157632022
=035  9\$a887657
=035  \\$a(OCoLC)29251188
=035  \\$a995102
=040  \\$aAGL$cAGL$dUIU$dIWA
=049  \\$aIWAV
=070  0\$aDISS$bF1987075
=072  \0$aL800
=090  \\$aQ186.5$bL68x, 1987
=100  1\$aLövgren, Karin.
=245  10$aConstruction and potential of the ISCOM as immunogen /$cby Karin Lövgren.
=260  \\$aUppsala :$bDepartment of Veterinary Microbiology, Section of Virology, Faculty of Veterinary Medicine, Swedish University of Agricultural Sciences :$bThe National Institute, Department of Virology,$c1987.
=300  \\$a1 v. (various pagings) :$bill. ;$c24 cm.
=500  \\$aThesis statement in Swedish, and English abstract (1 sheet) inserted.
=502  \\$aThesis (doctoral)--Sveriges lantbruksuniversitet, 1987.
=504  \\$aIncludes bibliographical references.
=650  \0$aAntigens$xAnalysis
=650  \0$aAntigens$ximmunology.
=999  \\$a887657
=092  0\$a616.0792$bL948c$221

