=LDR  00960cam  22002775a 4500
=001  000888197
=003  BIBL
=005  19990116033900.0
=008  880212s1987\\\\sw\a\\\\\b\\\\000\0\eng\d
=020  \\$a9157632243
=035  9\$a888197
=035  \\$a(OCoLC)17465883
=040  \\$aAGL$cAGL$dIWA
=049  \\$aIWAV$bVET
=070  0\$aDISS$bF1987011
=072  \0$aL830
=090  \\$aSF967.M78$bL37x 1987
=100  1\$aLarsson, Bengt,$d1931-
=245  10$aMucosal disease and persistent infection with bovine virus diarrhoea virus :$bstudies on mononuclear cells in relation to their activities /$cby Bengt Larsson.
=260  \\$aUppsala :$b[Swedish University of Agricultural Sciences?],$c1987.
=300  \\$a1 v. (various pagings) :$bill. ;$c24 cm.
=500  \\$aThesis--Swedish University of Agricultural Sciences, 1987.
=504  \\$aIncludes bibliographical references.
=650  \0$aBovine viral diarrhea
=650  \0$aMucosal diseases in cattle
=999  \\$a888197

