=LDR  01344nam  2200301 a 4500
=001  000888325
=003  BIBL
=005  19980829060200.0
=008  970203s1985\\\\ne\a\\\\\b\\\\000\0\eng\d
=035  9\$a888325
=035  \\$a(OCoLC)36310158
=040  \\$aIWA$cIWA
=049  \\$aIWAV
=090  \\$aSF967.T78$bA36x 1985
=100  1\$aAkol, George William Oucul.
=245  10$aTrypanosoma (Nannomonas) congolense in cattle :$bthe role of the early events, following cyclically-transmitted infection, in induction of immunity and in host susceptibility = Beginfase bij runderen van Trypanosoma (Nannomonas) congolense na cyclische transmissie : immuniteit en gastheer gevoeligheid /$cdoor George William Oucul Akol.
=246  31$aBeginfase bij runderen van Trypanosoma (Nannomas) congolense na cyclische transmissie : immuniteit en gastheer gevoeligheid
=260  \\$a[Utrecht :$bUniversiteit Utrecht],$cc1985.
=300  \\$a257 p. :$bill. ;$c25 cm.
=500  \\$aIncludes 6 previously prepared or published papers reprinted here.
=500  \\$a"Stellingen" inserted.
=500  \\$a"Proefschrift."
=500  \\$aThesis (doctoral)--Rijksuniversiteit te Utrecht, 1985.
=504  \\$aIncludes bibliographical references.
=650  \0$aTrypanosomiasis in cattle
=650  \0$aCattle$xInfections
=650  \0$aTrypanosomiasis in animals
=999  \\$a888325

