=LDR  00690nam  2200241   4500
=001  000889264
=003  BIBL
=005  19980829063400.0
=008  740507s1964\\\\xx\\\\\\\\\\\\000\0\eng\d
=035  9\$a889264
=035  \\$a(OCoLC)00879478
=040  \\$aYNG$cYNG$dm.c.$dIWA
=049  \\$aIWAA
=090  \\$aPR3474$b.F6
=100  10$aForsgren, Adina.
=245  10$aJohn Gay, poet "of a lower order";$bcomments on his rural poems and other early writings.
=260  \\$aStockholm,$bNatur och kultur$c[1964]
=300  \\$a249 p.$c22 cm.
=500  \\$aThesis--Uppsala.
=500  \\$aErrata leaf inserted.
=504  \\$aBibliography: p. 212-[231]
=600  10$aGay, John,$d1685-1732.$wcn
=999  \\$a889264

