=LDR  00742nam  22002415  4500
=001  000893314
=003  BIBL
=005  19980829085700.0
=008  830103r19691940paua\\\\\\\\\\000\0\eng\d
=035  9\$a893314
=035  \\$a(OCoLC)09095976
=040  \\$aVPI$cVPI$dOCL$dIWA
=049  \\$aIWAA
=090  \\$aPR2678$b.S6 1969
=100  10$aSmith, Marion Bodwell,$d1912-$w2n
=245  10$aMarlowe's imagery and the Marlowe canon.$c[by] Marion Bodwell Smith.
=260  \\$aFolcroft, Pa.,$bFolcroft Press$c[1969]
=300  \\$a213 p.$billus.$c25 cm.
=500  \\$aThesis (Ph.D.)--University of Pennsylvania, 1939.
=500  \\$aFirst published 1940.
=600  10$aMarlowe, Christopher,$d1564-1593$xStyle.$w1n
=650  \0$aFigures of speech
=999  \\$a893314

