=LDR  01130nam  2200301 a 4500
=001  000898980
=003  BIBL
=005  19980829121200.0
=008  961206s1988\\\\sw\a\\\\\b\\\\000\0\eng\d
=020  \\$a9157635323
=035  9\$a898980
=035  \\$a(OCoLC)36046833
=040  \\$aIWA$cIWA
=049  \\$aIWAV
=090  \\$aSF768.2.H67$bG68x 1988
=100  1\$aGottlieb-Vedi, Marianne.
=245  10$aCirculatory and muscle metabolic responses to draught work of varying intensity and duration in Standardbred horses /$cby Marianne Gottlieb-Vedi.
=260  \\$aUppsala, Sweden :$bDepartment of Medicine and Surgery, Faculty of Veterinary Medicine, Swedish University of Agricultural Sciences$c1988.
=300  \\$a1 v. :$bill ;$c24 cm.
=500  \\$aThesis based on 6 previously prepared or published papers reprinted here.
=504  \\$aIncludes bibliographical references.
=650  \0$aHorses$xExercise$xPhysiological aspects.
=650  \0$aHorses$xPhysiology
=650  \0$aStriated muscle$xMetabolism.
=650  \0$aHorses$xMetabolism.
=650  \0$aBlood$xAnalysis
=650  \0$aCardiovascular system$xPhysiology
=999  \\$a898980

