=LDR  00831ntm  2200253   4500
=001  000903476
=003  BIBL
=005  19980829145000.0
=008  730711s1967\\\\dcu\\\\\\\\\\\000\0\eng\d
=035  9\$a903476
=035  \\$a(OCoLC)00654252
=040  \\$aOSU$cOSU$dOCL$dIWA
=049  \\$aIWAA
=090  \\$aHT475$bZ6x
=100  00$aZoghby, Samir M.
=245  14$aThe impact of the western Sudanic empires on the trans-Saharan trade;$btenth to sixteenth century,$cby Samir M. Zoghby.
=260  \\$aWashington D.C.,$bGeorgetown University,$c[c1967]
=300  \\$a358 1.
=500  \\$aThesis - Georgetown University.
=504  \\$aBibliography: leaves 302-358.
=533  \\$aPhotocopy.$bAnn Arbor, Mich.,$cUniversity Microfilms,$d1969.$e22 cm.
=650  \0$aCommerce$xHistory$zAfrica.
=651  00$aAfrica$xCommerce$xHistory.
=999  \\$a903476

