=LDR  01139nam  2200325 a 4500
=001  000905208
=003  BIBL
=005  19980829161100.0
=008  970225s1996\\\\sw\a\\\\\b\\\\000\0\eng\d
=020  \\$a9157652317
=035  9\$a905208
=035  \\$a(OCoLC)36442459
=040  \\$aIWA$cIWA
=049  \\$aIWAV
=090  \\$aSF977.D9$bF45x 1996
=100  1\$aFellström, Claes.
=245  10$aPhenotypic classification, detection and phylogeny of Serpulina species in swine /$cClaes Fellström.
=260  \\$aUppsala, Sweden :$bSwedish University of Agricultural Sciences,$c1996.
=300  \\$a1 v. (various pagings) :$bill. ;$c24 cm.
=440  \0$aActa Universitatis Agriculturae Sueciae.$pVeterinaria$v1
=500  \\$aThesis statement in Swedish and English abstract inserted.
=500  \\$aBased on 5 previously prepared or published papers reprinted here.
=502  \\$aThesis (doctoral)--Sveriges lantbruksuniversitet, 1996.
=504  \\$aIncludes bibliographical references.
=650  \0$aSwine dysentery
=650  \0$aDiarrhea in swine
=650  \0$aSwine$xDiseases
=650  \0$aSpirochetes
=650  \0$aSerpulina
=999  \\$a905208

