=LDR  01062nam  2200277 a 4500
=001  000908892
=003  BIBL
=005  19980829190100.0
=008  940801s1994\\\\sw\a\\\\\b\\\\000\0\eng\d
=020  \\$a9157648050
=035  9\$a908892
=035  \\$a(OCoLC)30856109
=040  \\$aIWA$cIWA
=049  \\$aIWAA
=090  \\$aQP632.M2$bL37x 1994
=100  1\$aLarsson, Pia.
=245  10$aBiotransformation and retention of Aflatoxin B1 in extrahepatic tissues of various animal species /$cPia Larsson.
=260  \\$aUppsala, Sweden :$bDept. of Pharmacology & Toxicology, Faculty of Veterinary Medicine, Swedish University of Agricultural Sciences,$c1994.
=300  \\$a1 v. (various pagings) :$bill. ;$c24 cm.
=500  \\$aBased on 9 previously published papers reprinted here.
=500  \\$aThesis statement in Swedish and English abstract inserted.
=502  \\$aThesis (doctoral)--Sveriges lantbruksuniversitet, 1994.
=504  \\$aIncludes bibliographical references.
=650  \0$aAflatoxins$xToxicology.
=650  \0$aAflatoxins$xCarcinogenicity.
=999  \\$a908892

