=LDR  00987nam  22002895  4500
=001  000911517
=003  BIBL
=005  19980829205100.0
=008  930118s1941\\\\sw\\\\\\\b\\\\000\0\swe\d
=035  9\$a911517
=035  \\$a(OCoLC)27269724
=040  \\$aCLU$cCLU$dIWA
=049  \\$aIWAA
=090  \\$aQD516$bR971g
=100  00$aRydberg, John.
=245  10$aGasblandningens inflytande på förbränningshastighenten i flammor; med särskild hänsyn till förhållandena vid mindre eldstäder, speciellt värmelendningspannor.
=260  \\$aStockholm,$bK.L. Beckmans Boktryckeri,$c1941.
=300  \\$a120 p.,$billus., tables, diagrs.$c24 cm.
=500  \\$aAvhandling--Kungl. Tekniska högskolan.
=500  \\$aStamped on cover: K.T.H. Avh. 29.
=500  \\$aThesis note on cover.
=500  \\$aSummary in German: p. 111-114; summary in English: p. 114-116.
=504  \\$a"Litteraturförteckning": p. 117-120.
=650  \0$aCombustion
=650  \0$aGases
=650  \0$aFlame
=999  \\$a911517

