=LDR  01058cam  2200289 a 4500
=001  000911710
=003  BIBL
=005  19990921141500.0
=008  970211s1996\\\\sw\a\\\\\b\\\\000\0\eng\d
=010  \\$a97128045
=035  9\$a911710
=035  \\$a(OCoLC)36368526
=040  \\$aNN$cDLC$dIWA
=042  \\$alccopycat
=049  \\$aIWAA$bPARKS
=050  00$aHD69.S8$bH38 1996
=100  1\$aHavila, Virpi
=245  10$aInternational business-relationship triads :$ba study of the changing role of the intermediating actor /$cVirpi Havila.
=260  \\$aUppsala, Sweden :$bFöretagsekonomiska institutionen, Uppsala universitet,$c1996.
=300  \\$axiv, 240 p. :$bill. ;$c25 cm.
=440  \0$aDoctoral thesis$vno. 64
=500  \\$aThesis statement in Swedish and English abstract inserted.
=502  \\$aThesis (Ph.D.)--Uppsala University, 1996.
=504  \\$aIncludes bibliographical references (p. 231-240)
=650  \0$aStrategic alliances (Business)$zEurope$xCase studies.
=650  \0$aIndustrial management$zEurope$xManagement$xCase studies.
=999  \\$a911710

