=LDR  01065nam  2200301 a 4500
=001  000915988
=003  BIBL
=005  19980829235800.0
=008  970225s1996\\\\sw\a\\\\\b\\\\000\0\eng\d
=020  \\$a9157652295
=035  9\$a915988
=035  \\$a(OCoLC)36442339
=040  \\$aIWA$cIWA
=049  \\$aIWAV
=090  \\$aSF396.9$bS74x, 1996
=100  1\$aSterning, Marie.
=245  10$aReproductive performance and oestrous symptoms in primiparous sows /$cMarie Sterning.
=260  \\$aUppsala, Sweden :$bSwedish University of Agricultural Sciences,$c1996.
=300  \\$a1 v. (various pagings) :$bill. ;$c24 cm.
=440  \0$aActa Universitatis Agriculturae Sueciae.$pVeterinaria$v5
=500  \\$aThesis statement in Swedish and English abstract inserted.
=500  \\$aBased on 5 previously prepared or published papers reprinted here.
=500  \\$aIncludes bibliographical references.
=502  \\$aThesis (doctoral)--Sveriges lantbruksuniversitet, 1996.
=650  \0$aSwine$xReproduction.
=650  \0$aSows$xReproduction.
=650  \0$aEstrus
=999  \\$a915988

