=LDR  00948cam  2200265 a 4500
=001  000916025
=003  BIBL
=005  19990921141500.0
=008  970516s1996\\\\sw\a\\\\\b\\\\000\0\eng\d
=035  9\$a916025
=035  \\$a(OCoLC)36918756
=040  \\$aNYP$cNYP$dCUY$dIWA
=049  \\$aIWAA$bPARKS
=090  \\$aHD69.S8$bB54x 1996
=100  2\$aBlankenburg Holm, Desirée
=245  10$aBusiness network connections and international business relationships /$cDesirée Blankenburg Holm.
=260  \\$aUppsala :$bDept. of Business Studies, Uppsala University,$c1996.
=300  \\$a1 v. (various pagings) :$bill. ;$c24 cm.
=440  \0$aDoctoral thesis$vno. 65
=500  \\$aThesis statement in Swedish and English abstract inserted.
=502  \\$aThesis (doctoral)--Uppsala University, 1996.
=504  \\$aIncludes bibliographical references (p. 20-22 at end).
=650  \0$aBusiness networks
=650  \0$aStrategic alliances (Business)
=999  \\$a916025

