=LDR  00950nam  2200289 a 4500
=001  000916202
=003  BIBL
=005  19980830000700.0
=008  930621r19241924xxu\\\\\r\\\\\000\0\eng\d
=035  9\$a916202
=035  \\$a(OCoLC)28303549
=040  \\$aMEU$cMEU$dIWA
=049  \\$aIWAA
=090  \\$aRC469$bT698t
=100  00$aTravis, Lee Edward,$d1896-
=245  10$aTest for distinguishing between schizophrenoses and psychoneuroses /$cby Lee Edward Travis.
=260  \\$a[Albany, N.Y.]$c1924.
=300  \\$ap. 283-298 ;$c23 cm.
=500  \\$aThesis (Ph.D.)--University of Iowa, 1924.
=500  \\$a"Reprinted from the Journal of abnormal psychology and social psychology, vol. XIX, no. 3, October-December, 1924."
=500  \\$aCover title.
=650  \0$aSchizophrenia
=650  \0$aSchizophrenia$xDiagnosis
=650  \0$aNeuroses$xDiagnosis
=650  \0$aPsychology, Pathological
=740  01$aSchizophrenoses and psychoneuroses.
=999  \\$a916202

