=LDR  01010nam  2200265ua 4500
=001  000917580
=003  BIBL
=005  19990921141500.0
=008  940426s1994\\\\sw\a\\\\\b\\\\001\0\eng\d
=035  9\$a917580
=035  \\$a(OCoLC)30660870
=040  \\$aCUY$cCUY$dIWA
=049  \\$aIWAA
=050  \4$aHG1615$b.E85 1994
=100  10$aEriksson, Kent.
=245  14$aThe interrelatedness of environment technology and structure :$ba study of differentiation and integration in banking /$cKent Eriksson.
=260  \\$aUppsala, Sweden :$bFöretagsekonomiska institutionen, Uppsala universitet,$c1994.
=300  \\$axx, 217 p. :$bill. ;$c24 cm.
=440  \0$aDoctoral thesis$vno. 54
=500  \\$aThesis statement in Swedish inserted.
=502  \\$aThesis (Ph.D.)--Uppsala University, Department of Business Studies, Uppsala, Sweden, 1994.
=504  \\$aIncludes bibliographical references (p. 203-211) and indexes.
=650  \0$aBank management
=650  \0$aBanks and banking$xTechnological innovations.
=999  \\$a917580

