=LDR  01062cam  2200289 a 4500
=001  000917590
=003  BIBL
=005  19990116034400.0
=008  940916s1994\\\\sw\a\\\\\b\\\\000\0\eng\d
=020  \\$a9157648077
=035  9\$a917590
=035  \\$a(OCoLC)31125625
=040  \\$aIWA$cIWA
=049  \\$aIWAA$bPARKS
=090  \\$aSB741.P58$bS77x 1994
=100  1\$aStrömberg, Anita.
=245  10$aInduced systemic resistance in potato to late blight /$cAnita Strömberg.
=260  \\$aUppsala, Sweden :$bSwedish University of Agricultural Sciences, Dept. of Plant and Forest Protection, Section for Plant Pathology,$c1994.
=300  \\$a1 v. (various pagings) :$bill. (some col.) ;$c24 cm.
=500  \\$aThesis statement in Swedish and English abstract inserted.
=500  \\$aBased on 5 previously prepared or published papers reprinted here.
=500  \\$a"Dissertation."
=504  \\$aIncludes bibliographical references.
=650  \0$aPhytophthora infestans
=650  \0$aLate blight of potato
=650  \0$aPlants$xDisease and pest resistance
=999  \\$a917590

