=LDR  01383nam  2200313 a 4500
=001  000917594
=003  BIBL
=005  19991025133000.0
=008  940801s1994\\\\sw\a\\\\\b\\\\000\0\eng\d
=035  9\$a917594
=035  \\$a(OCoLC)30856093
=040  \\$aIWA$cIWA
=041  0\$aeng$bswe
=049  \\$aIWAA
=090  \\$aSF202$bG87x, 1994
=100  1\$aGustafson, Gunnela M.
=245  10$aRegular exercise to tied dairy cows :$beffects on productivity, health and locomotion and with attention paid to the influence of light /$cGunnela M. Gustafson.
=260  \\$aUppsala :$bSveriges lantbruksuniversitet,$c[1994]
=300  \\$a1 v. (various pagings) :$bill. ;$c24 cm.
=490  1\$aRapport / Institutionen för husdjurens utfodring och vård,$x0347-9838 ;$v225 = Report / Swedish University of Agricultural Sciences, Department of Animal Nutrition and Management ;$v225
=500  \\$aAbstracts in English and Swedish.
=500  \\$aThesis statement in Swedish and English abstract inserted.
=500  \\$aBased on 4 previously prepared or published papers reprinted here.
=500  \\$a"Dissertation."
=500  \\$a"ISRN SLU-HUV-R-225--SE."
=504  \\$aIncludes bibliographical references.
=650  \0$aDairy cattle$xExercise$xPhysiological aspects.
=830  \0$aRapport (Sveriges lantbruksuniversitet. Institutionen főr husdjurens utfodring och vård)$v225.
=999  \\$a917594

