=LDR  01062nam  2200289 a 4500
=001  000918405
=003  BIBL
=005  19980830013800.0
=008  940916s1994\\\\sw\a\\\\\b\\\\000\0\eng\d
=020  \\$a9157648158
=035  9\$a918405
=035  \\$a(OCoLC)31125595
=040  \\$aIWA$cIWA
=049  \\$aIWAA
=090  \\$aQK644$bK54x, 1994
=100  1\$aKlemedtsson, Åsa Kasimir.
=245  10$aEfflux of potassium from roots of barley and sunflower /$cÅsa Kasimir Klemedtsson.
=260  \\$aUppsala :$bSwedish University of Agricultural Sciences, Dept. of Plant Physiology,$c1994.
=300  \\$a1 v. (various pagings) :$bill. ;$c24c m.
=500  \\$aThesis statement in Swedish and English abstract inserted.
=500  \\$aPublication statement and date taken from t.p. verso; date on cover and t.p. is 1992.
=500  \\$aBased on 4 previously prepared or published papers reprinted here.
=500  \\$a"Dissertation."
=504  \\$aIncludes bibliographical references.
=650  \0$aRoots (Botany)$xPhysiology
=650  \0$aPlant translocation
=999  \\$a918405

