=LDR  00823nam  2200277   4500
=001  000920965
=003  BIBL
=005  19980830031500.0
=008  790522s1937\\\\hiuf\\\\\b\\\\000\0\eng\d
=010  \\$a38007681
=035  9\$a920965
=035  \\$a(OCoLC)04988482
=040  \\$aCOO$cCOO$dVXG$dIWA
=049  \\$aIWAA
=090  \\$aQK495.R85$bF781g
=100  10$aFosberg, F. Raymond$q(Francis Raymond),$d1908-
=245  14$aThe genus Gouldia (Rubiaceae)$cby F. Raymond Fosberg.
=260  \\$aHonolulu, Hawaii,$bThe Museum,$c1937.
=300  \\$a82 p.$b3 plates.$c26 cm.
=440  \0$aBernice P. Bishop Museum bulletin$v147
=500  \\$aThesis note on p. [3]
=502  \\$aThesis (M. Sc.)--University of Hawaii, 1935.
=504  \\$aBibliography: p. 81.
=650  \0$aGouldia (Botany)
=650  \0$aBotany$zHawaii.
=999  \\$a920965

