=LDR  00955nam  2200301   4500
=001  000926954
=003  BIBL
=005  19980830065100.0
=008  760423s1936\\\\tnuah\\\\b\\\\000\0\eng\c
=010  \\$a36018314
=035  9\$a926954
=035  \\$a(OCoLC)02133298
=040  \\$aColumbia Univ. Libr.$cCIN$dCIN$dIWA
=049  \\$aIWAA
=090  \\$aHV763$bT215v
=100  00$aTaylor, John Wilkinson,$d1906-
=245  10$aYouth welfare in Germany,$cby John W. Taylor.
=260  \\$aNashville, Tenn.,$bThe Baird-Ward company,$c1936.
=300  \\$a259 p.$billus., facsims., music, diagrs.$c24 cm.
=500  \\$aThesis (PH.D.)--Columbia university, 1936.
=500  \\$aVita.
=500  \\$aPublished also without thesis note.
=504  \\$aBibliography: p. 251-257.
=610  20$aNationalsozialistische Deutsche Arbeiter-Partei.
=650  \0$aYouth
=650  \0$aChild welfare$zGermany.
=650  \0$aChildren$xLegal status, laws, etc.$zGermany.
=999  \\$a926954

