=LDR  01083nam  2200301 a 4500
=001  000930057
=003  BIBL
=005  19990219085100.0
=008  970326s1997\\\\sw\a\\\\\b\\\\000\0\eng\d
=020  \\$a9157652333
=035  9\$a930057
=035  \\$a(OCoLC)36633246
=040  \\$aNTE$cNTE$dIWA
=049  \\$aIWAV
=090  \\$aSF341$bR66x, 1997
=100  1\$aRonéus, Nils.
=245  10$aMuscle metabolic response to track exercise in standardbred trotters /$cNils Ronéus.
=260  \\$aUppsala :$bSwedish University of Agricultural Sciences,$c1997.
=300  \\$a1 v. (various pagings) :$bill. ;$c24 cm.
=440  \0$aActa Universitatis Agriculturae Sueciae.$pVeterinaria$v6
=500  \\$a"Doctoral thesis."
=500  \\$aThesis statement in Swedish, with English abstract, inserted.
=500  \\$aFive additional papers, two previously published, included.
=504  \\$aIncludes bibliographical references.
=650  \0$aHarness racehorses$xMetabolism.
=650  \0$aHarness racehorses$xExercise$xPhysiological aspects.
=650  \0$aHarness racehorses$xTraining
=999  \\$a930057

