=LDR  01182cam  2200325 a 4500
=001  000930058
=003  BIBL
=005  20000203113800.0
=008  970403s1997\\\\sw\a\\\\\b\\\\000\0\eng\d
=020  \\$a915765235X
=035  9\$a930058
=035  \\$a(OCoLC)36672421
=040  \\$aIWA$cIWA
=049  \\$aIWAV
=090  \\$aQP624$bW36x, 1997
=100  00$aWang, Liya.
=245  10$aMitochondrial deoxyribonucleoside salvage enzymes :$bcloning and characterization of deoxyguanosine kinase and thymidine kinase /$cLiya Wang.
=260  \\$aUppsala, Sweden :$bSwedish University of Agricultural Sciences,$c1997.
=300  \\$a1 v. (various pagings) :$bill. ;$c24 cm.
=440  \0$aActa Universitatis Agriculturae Sueciae.$pVeterinaria$v7
=500  \\$aThesis statement in Swedish and English abstract inserted.
=500  \\$aAuthor's thesis, based on 4 previously prepared or published papers reprinted here.
=504  \\$aIncludes bibliographical references.
=650  \0$aDNA$xMetabolism.
=650  \0$aDNA$xSynthesis
=650  \0$aMitochondrial DNA$xMetabolism.
=650  \0$aEnzymes$xMetabolism.
=650  \0$aThymidine kinase
=650  \0$aDeoxyguanosine kinase
=999  \\$a930058

