=LDR  01045nam  2200289 a 4500
=001  000930237
=003  BIBL
=005  19980830085300.0
=008  940830s1994\\\\sw\a\\\\\b\\\\000\0\eng\d
=020  \\$a9157648425
=035  9\$a930237
=035  \\$a(OCoLC)31028771
=040  \\$aIWA$cIWA
=049  \\$aIWAA
=090  \\$aSF289$bH65x 1994
=100  1\$aHolmström, Mikael.
=245  10$aQuantitative studies on conformation and trotting gaits in the Swedish Warmblood riding horse /$cby Mikael Holmström.
=260  \\$aUppsala :$bDept. of Anatomy and Histology, Faculty of Veterinary Medicine, Swedish University of Agricultural Sciences,$c1994.
=300  \\$a1 v. (various pagings) :$bill. ;$c30 cm.
=500  \\$aBased on 6 previously published papers reprinted here.
=500  \\$aThesis statement in Swedish and English abstract inserted.
=500  \\$a"Dissertation."
=504  \\$aIncludes bibliographical references.
=650  \0$aHorses$xPaces, gaits, etc.
=650  \0$aAnimal locomotion
=650  \0$aSwedish Warmblood.
=999  \\$a930237

