=LDR  01422cam  2200349 a 4500
=001  000931027
=003  BIBL
=005  19990120032100.0
=008  940824s1994\\\\sw\\\\\\\b\\\\000\0\eng\d
=020  \\$a9157648352
=035  9\$a931027
=035  \\$a(OCoLC)31001508
=040  \\$aIWA$cIWA
=041  0\$aeng$bswe
=049  \\$aIWAA$bPARKS
=090  \\$aSF396.5$bS74x, 1994
=100  00$aStern, Susanne.
=245  10$aLean growth in pigs :$bresponse to selection on high and low protein diets /$cSusanne Stern.
=260  \\$aUppsala :$bSveriges lantbruksuniversitet,$c1994.
=300  \\$a1 v. (various pagings) ;$c24 cm.
=490  1\$aRapport / Institutionen för husdjursförädling och sjukdomsgenetik,$x0347-9706 ;$vno. 108 = Publication / Swedish University of Agricultural Sciences, Dept. of Animal Breeding and Genetics ;$vno. 108
=500  \\$aAbstracts in English and Swedish.
=500  \\$aThesis statement in Swedish and English abstract inserted.
=500  \\$aBased on 5 previously prepared or published papers reprinted here.
=500  \\$a"Dissertation."
=500  \\$a"ISRN SLU-HFS-R--108--SE."
=504  \\$aIncludes bibliographical references.
=650  \0$aSwine$xNutrition$xRequirements.
=650  \0$aSwine$xFeeding and feeds
=650  \0$aSwine$xGrowth
=830  00$aRapport (Sveriges lantbruksuniversitet, Institutionen för husdjursförädling och sjukdomsgenetik) ;$vno. 108.
=999  \\$a931027

