=LDR  01485nam  2200349 a 4500
=001  000931029
=003  BIBL
=005  19980830092200.0
=008  940824s1993\\\\sw\a\\\\\b\\\\000\0\eng\d
=020  \\$a9157647895
=035  9\$a931029
=035  \\$a(OCoLC)31001519
=040  \\$aIWA$cIWA
=041  0\$aeng$bswe
=049  \\$aIWAV
=090  \\$aSF396.9$bR93x, 1993
=100  1\$aRydhmer, Lotta.
=245  10$aPig reproductive genetics :$band correlations between reproduction and production traits /$cby Lotta Rydhmer.
=260  \\$aUppsala :$bSveriges lantbruksuniversitet,$c1993.
=300  \\$a1 v. (various pagings) :$bill. ;$c24 cm.
=490  1\$aRapport / Inst. för husdjursförädling och sjukdomsgenetik, Inst. för obstetrik och gynekologi,$x0347-9706 ;$vno. 106 = Publication / Swedish University of Agricultural Sciences, Dep. of Animal Breeding and Genetics, Dep. of Obstetrics and Gynaecology ;$vno. 106
=500  \\$aAbstracts in English and Swedish.
=500  \\$aThesis statement in Swedish and English abstract inserted.
=500  \\$aBased on 5 previously prepared or published papers reprinted here.
=500  \\$a"Dissertation."
=500  \\$aIncludes bibliographical references.
=500  \\$a"ISRN SLU-HFS-R--106--SE."
=650  \0$aSwine$xBreeding
=650  \0$aSwine$xReproduction.
=650  \0$aSwine$xGenetics.
=830  \0$aRapport (Sveriges lantbruksuniversitet. Institutionen för husdjursförädling och sjukdomsgenetik)$vno. 106.
=999  \\$a931029

