=LDR  01104nam  2200301 a 4500
=001  000931035
=003  BIBL
=005  19980830092200.0
=008  940824s1994\\\\sw\a\\\\\b\\\\000\0\eng\d
=020  \\$a915764814X
=035  9\$a931035
=035  \\$a(OCoLC)31001493
=040  \\$aIWA$cIWA
=041  0\$aeng$bswe
=049  \\$aIWAV
=090  \\$aSF396.5$bH34x, 1994
=100  00$aHåglin, Lena.
=245  10$aExperimental hypophosphatemia in growing pigs :$beffect on erythrocytes, muscles, liver, kidneys and skeleton /$cby Lena Håglin.
=260  \\$aUppsala, Sweden :$bDept. of Medicine and Surgery, Faculty of Veterinary Medicine, Swedish University of Agricultural Sciences,$c1994.
=300  \\$a1 v. (various pagings) :$bill. ;$c24 cm.
=500  \\$aBased on 5 previously prepared or published papers reprinted here.
=500  \\$aThesis statement in Swedish and English abstract inserted.
=500  \\$a"Dissertation."
=504  \\$aIncludes bibliographical references.
=650  \0$aSwine$xFeeding and feeds
=650  \0$aPhosphorus in animal nutrition
=650  \0$aSwine$xGrowth
=999  \\$a931035

