=LDR  01048nam  2200289 a 4500
=001  000931041
=003  BIBL
=005  19980830092300.0
=008  940901s1994\\\\sw\a\\\\\b\\\\000\0\eng\d
=020  \\$a9157648581$z9157648481
=035  9\$a931041
=035  \\$a(OCoLC)31041918
=040  \\$aIWA$cIWA
=049  \\$aIWAA
=090  \\$aQK898.I8$bX83x 1994
=100  1\$aXue, Jiaping.
=245  10$aMolecular studies of myrosinase in Brassicaceae :$bfrom protein to gene and gene to protein /$cby Jiaping Xue.
=260  \\$aUppsala, Sweden :$bUppsala Genetic Center, Dept. of Cell Research, Swedish University of Agricultural Sciences,$c1994.
=300  \\$a1 v. (various pagings) :$bill. ;$c24 cm.
=500  \\$aAbstract and thesis statement inserted.
=500  \\$aBased on 7 previously prepared or published papers reprinted here.
=500  \\$aThesis (doctoral)--Sveriges lantbruksuniversitet, 1994.
=504  \\$aIncludes bibliographical references.
=650  \0$aPlant isozymes
=650  \0$aCruciferae
=650  \0$aGlucosinolates
=999  \\$a931041

