=LDR  01215nam  2200337 a 4500
=001  000931043
=003  BIBL
=005  19980830092300.0
=008  940912s1994\\\\sw\a\\\\\b\\\\000\0\eng\d
=020  \\$a9157648492
=035  9\$a931043
=035  \\$a(OCoLC)31089198
=040  \\$aIWA$cIWA
=049  \\$aIWAA
=090  \\$aQK898.P8$bS56x 1994
=100  1\$aSjödahl, Staffan.
=245  10$aStudies on the structure, expression and gene regulation of cruciferin, the 12S storage globulin from Brassica napus (polseed rape) /$cby Staffan Sjödahl.
=260  \\$aUppsala :$bSwedish University of Agricultural Sciences, Dept. of Cell Research,$c1994.
=300  \\$a1 v. (various pagings) :$bill. ;$c24 cm.
=500  \\$aBased on 6 previously prepared or published papers reprinted here.
=500  \\$aThesis statement in Swedish and English abstract inserted.
=500  \\$a"Dissertation."
=502  \\$aThesis (doctoral)--Sveriges lantbruksuniversitet, 1994.
=504  \\$aIncludes bibliographical references.
=650  \0$aPlant proteins
=650  \0$aSeed storage compounds
=650  \0$aBrassica$xGenetics.
=650  \0$aGenetic regulation
=690  \4$aCruciferin
=690  \4$aBrassica napus
=999  \\$a931043

