=LDR  01208cam  2200337 a 4500
=001  000931045
=003  BIBL
=005  20020214140300.0
=008  940912s1994\\\\sw\a\\\\\b\\\\000\0\eng\d
=020  \\$a915764845X
=035  9\$a931045
=035  \\$a(OCoLC)31089211
=040  \\$aIWA$cIWA
=049  \\$aIWAA
=090  \\$aQK898.P8$bG87x 1994
=100  1\$aGustavsson, Hans-Olof.
=245  10$aStudies on the expression of the seed storage proteins napin and cruiferin from Brassica napus /$cby Hans-Olof Gustavsson.
=260  \\$aUppsala, Sweden :$bSwedish University of Agricultural Sciences, Uppsala Genetic Center, Dept. of Cell Research,$c1994.
=300  \\$a1 v. (various pagings) :$bill. ;$c24 cm.
=500  \\$aBased on 6 previously prepared or published papers reprinted here.
=500  \\$aThesis statement in Swedish and English abstract inserted.
=502  \\$aThesis (doctoral)--Sveriges lantbruksuniversitet, 1994.
=504  \\$aIncludes bibliographical references.
=650  \0$aPlant proteins
=650  \0$aSeed storage compounds
=650  \0$aBrassica$xGenetics.
=650  \0$aGenetic regulation
=690  \4$aNapin
=690  \4$aCruciferin
=690  \4$aBrassica napus
=999  \\$a931045

