=LDR  01133cam  2200289 a 4500
=001  000931049
=003  BIBL
=005  19990117154200.0
=008  940919s1993\\\\sw\a\\\\\b\\\\000\0\eng\d
=020  \\$a9157647569
=035  9\$a931049
=035  \\$a(OCoLC)31140466
=040  \\$aIWA$cIWA
=049  \\$aIWAA$bPARKS
=090  \\$aQP801.P38$bJ64x 1993
=100  1\$aJönsson, Curt-Johan.
=245  10$aActivation and toxicity of adrenocorticolytic DDT-metabolites in mammals and birds /$cby Curt-Johan Jo̊nsson.
=260  \\$aUppsala, Sweden :$bDept. of Pharmacology and Toxicology, Faculty of Veterinary Medicine, Swedish University of Agricultural Sciences,$c1993.
=300  \\$a1 v. (various pagings) :$bill. ;$c24 cm.
=500  \\$aBased on 7 previously prepared or published papers reprinted here.
=500  \\$aThesis statement in Swedish and English abstract inserted.
=504  \\$aIncludes bibliographical references.
=650  \0$aDDT (Insecticide)$xToxicology
=650  \0$aDDT (Insecticide)$xMetabolism.
=650  \0$aDDT (Insecticide)$xPhysiological effect
=650  \0$aAdrenal glands$xEffect of drugs on.
=999  \\$a931049

