=LDR  01114nam  2200325 a 4500
=001  000931051
=003  BIBL
=005  19980830092300.0
=008  941031s1994\\\\sw\a\\\\\b\\\\000\0\eng\d
=020  \\$a9157648239
=035  9\$a931051
=035  \\$a(OCoLC)31380957
=040  \\$aIWA$cIWA
=041  0\$aeng$bswe
=049  \\$aIWAV
=090  \\$aSF967.C6$bS84x 1994
=100  1\$aSvensson, Catarina.
=245  10$aBovine coccidiosis with special reference to Eimeria alabamensis infections in grazing calves /$cCatarina Svensson.
=260  \\$aSkara, Sweden :$bExperimental Station, Veterinary Institute, Swedish University of Agricultural Sciences,$c1994.
=300  \\$a1 v. (various pagings) :$bill. ;$c25 cm.
=500  \\$aSummary in Swedish.
=500  \\$aThesis statement in Swedish and English inserted.
=500  \\$aBased on 6 previously prepared or published papers reprinted here.
=500  \\$a"Dissertation."
=504  \\$aIncludes bibliographical references.
=650  \0$aCoccidiosis
=650  \4$aEimeria alabamensis.
=650  \0$aCalves$xDiseases
=650  \0$aCattle$xDiseases
=999  \\$a931051

