=LDR  01365nam  2200361ua 4500
=001  000940333
=003  BIBL
=005  19990921141600.0
=008  940426s1994\\\\sw\a\\\\\b\\\\000\0\eng\d
=020  \\$a915061035X
=035  9\$a940333
=035  \\$a(OCoLC)30727144
=040  \\$aCUY$cCUY$dIWA
=041  0\$aengswe
=043  \\$ae-sw---
=049  \\$aIWAA
=050  \4$aHD62.4$b.H66 1994
=100  10$aHolm, Ulf.
=245  10$aInternationalization of the second degree /$cUlf Holm.
=260  \\$aUppsala, Sweden :$bFöretagsekonomiska institutionen, Uppsala universitet,$c1994.
=300  \\$a1 v. (various pagings) :$bill. ;$c24 cm.
=440  \0$aDoctoral thesis$vno. 53
=500  \\$aOne article in Swedish.
=500  \\$aConsists of several articles previously issued in various publications, most of which co-authored with other writers.
=500  \\$aThesis statement in Swedish inserted.
=502  \\$aThesis (Ph.D.)--Uppsala University, Department of Business Studies, Uppsala, Sweden, 1994.
=504  \\$aIncludes bibliographical references.
=650  \0$aInternational business enterprises$xManagement.
=650  \0$aInternational business enterprises$zSweden$xManagement.
=650  \0$aSubsidiary corporations$xManagement
=650  \0$aSubsidiary corporations$zSweden$xManagement.
=650  \0$aCorporations, Swedish$xManagement.
=999  \\$a940333

