=LDR  00774nam  2200253   4500
=001  000941180
=003  BIBL
=005  19980830165300.0
=008  750213s1943\\\\xx\\\\\\\\\\\\000\0\eng\u
=010  \\$aa 43003340
=035  9\$a941180
=035  \\$a(OCoLC)01171617
=040  \\$cTLM$dOCL$dIWA
=049  \\$aIWAA
=090  \\$aZ682$bAL86q
=100  1\$aAlvarez, Robert Smyth,$d1912-
=245  14$a... Qualifications of public librarians in the Middle West ... /$cby Robert S. Alvarez.
=260  \\$aChicago, Ill.,$c1943.
=300  \\$a2 p. 1., iii-viii, 192 p. :$bincl. tables, diagrs. ;$c28 cm.
=500  \\$aThesis (Ph. D.)--University of Chicago, 1939.
=500  \\$a"Lithoprinted."
=504  \\$aBibliography: p. 190-192.
=650  \0$aLibrarians$zUnited States
=999  \\$a941180

