=LDR  01138nam  2200313 a 4500
=001  000942290
=003  BIBL
=005  19990209144100.0
=008  970625s1997\\\\sw\a\\\\\b\\\\000\0\eng\d
=020  \\$a9157652562
=035  9\$a942290
=035  \\$a(OCoLC)37188935
=040  \\$aIWA$cIWA
=049  \\$aIWAA
=090  \\$aQK754$bM36x, 1997
=100  1\$aMäntylä, Einar.
=245  10$aMolecular mechanisms of cold acclimation and drought tolerance in plants /$cEinar Mäntylä.
=260  \\$aUppsala, Sweden :$bSwedish University of Agricultural Sciences,$c1997.
=300  \\$a1 v. (various pagings) :$bill. ;$c24 cm.
=440  \0$aActa Universitatis Agriculturae Sueciae.$pAgraria$v23
=500  \\$aThesis statement in Swedish and English abstract inserted.
=502  \\$aThesis (Ph. D.)--Sveriges lantbruksuniversitet, 1997.
=504  \\$aIncludes bibliographical references.
=650  \0$aPlants$xFrost resistance
=650  \0$aPlants$xFrost resistance$xMolecular genetics.
=650  \0$aPlants$xEffect of cold on.
=650  \0$aPlants$xDrought tolerance
=650  \0$aPlants$xDrought tolerance$xMolecular genetics.
=999  \\$a942290

