=LDR  00925nam  2200277 a 4500
=001  000942300
=003  BIBL
=005  19990209144100.0
=008  970625s1997\\\\sw\a\\\\\b\\\\000\0\eng\d
=020  \\$a9157652627
=035  9\$a942300
=035  \\$a(OCoLC)37188850
=040  \\$aIWA$cIWA
=049  \\$aIWAA
=090  \\$aQD547$bW47x, 1997
=100  1\$aWestermark, Gunnar.
=245  10$aChemisorption of phosphines on coinage and platinum group metal surfaces /$cGunnar Westermark.
=260  \\$aUppsala, Sweden :$bSwedish University of Agricultural Sciences,$c1997.
=300  \\$a1 v. (various pagings) :$bill. ;$c24 cm.
=440  \0$aActa Universitatis Agriculturae Sueciae.$pAgraria$v26
=500  \\$aThesis statement in Swedish and English abstract inserted.
=502  \\$aThesis (Ph. D.)--Sveriges lantbruksuniversitet, 1997.
=650  \0$aChemisorption
=650  \0$aMetallic films
=650  \0$aPhosphine
=999  \\$a942300

