=LDR  01116nam  2200313 a 4500
=001  000946820
=003  BIBL
=005  19980830195700.0
=008  970409s1997\\\\sw\a\\\\\b\\\\000\0\eng\d
=020  \\$a9157652724
=035  9\$a946820
=035  \\$a(OCoLC)36708242
=040  \\$aIWA$cIWA
=049  \\$aIWAA
=090  \\$aSF395.5$bA53x, 1997
=100  00$aAndersson, Christel.
=245  10$aForages for growing pigs :$bpartition of digestion and nutritive value /$cChristel Andersson.
=260  \\$aUppsala, Sweden :$bSwedish University of Agricultural Sciences, 2 1997.
=300  \\$a1 v. (various pagings) :$bill. ;$c24 cm.
=440  \0$aActa Universitatis Agriculturae Sueciae.$pAgraria$v31
=500  \\$aThesis statement in Swedish and English abstract inserted.
=500  \\$aBased on 4 previously prepared or published papers reprinted here.
=502  \\$aThesis (doctoral)--Sveriges lantbruksuniversitet, 1997.
=504  \\$aIncludes bibliographical references.
=650  \0$aSwine$xFeeding and feeds
=650  \0$aSwine$xPhysiology
=650  \0$aDigestion
=650  \0$aFood$xFiber content
=999  \\$a946820

