=LDR  01084cam  2200301 a 4500
=001  000946822
=003  BIBL
=005  19990209144100.0
=008  970409s1997\\\\sw\a\\\\\b\\\\000\0\eng\d
=020  \\$a9157652589
=035  9\$a946822
=035  \\$a(OCoLC)36708185
=040  \\$aIWA$cIWA
=049  \\$aIWAA$bPARKS
=090  \\$aSF397.4$bE54x, 1997
=100  1\$aEnfält, Ann-Charlotte.
=245  10$aPig meat quality :$binfluence of breed, RN genotype and environment /$cAnn-Charlotte Enfält.
=260  \\$aUppsala, Sweden :$bSwedish University of Agricultural Sciences,$c1997.
=300  \\$a1 v. (various pagings) :$bill. ;$c24 cm.
=440  \0$aActa Universitatis Agriculturae Sueciae.$pAgraria$v24
=500  \\$aThesis statement in Swedish and English abstract inserted.
=500  \\$aBased on 6 previously prepared or published papers reprinted here.
=502  \\$aThesis (doctoral)--Sveriges lantbruksuniversitet, 1997.
=504  \\$aIncludes bibliographical references.
=650  \0$aSwine$xCarcasses
=650  \0$aSwine$xGenetics.
=650  \0$aPork$xQuality
=999  \\$a946822

