=LDR  00827nam  2200265 i 4500
=001  000948263
=003  BIBL
=005  19980830203400.0
=008  760204s1941\\\\dcu\\\\\\b\\\\001\0\eng\\
=010  \\$a43012177
=035  9\$a948263
=035  \\$a(OCoLC)01967011
=040  \\$aDLC$cVJA$dVJA$dIWA
=049  \\$aIWAA
=090  \\$aBX1770$bF33f
=100  1\$aFell, Marie Léonore,$csister,$d1907-
=245  14$aThe foundations of nativism in American textbooks, 1783-1860. /$cby Sister Marie Léonore Fell.
=260  \\$aWashington :$bCatholic University of America Press,$c1941.
=300  \\$aix, 259 p. ;$c23 cm.
=500  \\$aThesis (PH.D.) -- Catholic University of America, 1941.
=500  \\$aIncludes index.
=504  \\$aBibliography: p. 227-251.
=650  \0$aCatholic Church$zAmerica.
=650  \0$aTextbooks
=999  \\$a948263

