=LDR  00677nam  2200241   4500
=001  000949593
=003  BIBL
=005  19980830210600.0
=008  760128s1947\\\\xx\\\\\\\\\\\\000\0\eng\\
=010  \\$aa 48008803
=035  9\$a949593
=035  \\$a(OCoLC)01949304
=040  \\$aDLC$cIQU$dIWA
=049  \\$aIWAA
=050  0\$aHE823$b.B86
=100  1\$aBurwash, Dorothy.
=245  10$aEnglish merchant shipping, 1460-1540.
=260  \\$a[Toronto]$bUniv. of Toronto Press,$c1947.
=300  \\$axii, 259 p.$bplates, map, tables.$c21 cm.
=500  \\$aThesis--Bryn Mawr College.
=504  \\$aBibliography: p. 237-249.
=650  \0$aMerchant marine$zGreat Britain$xHistory.
=999  \\$a949593

