=LDR  01185nam  2200289 a 4500
=001  000956174
=003  BIBL
=005  20080418095500.0
=008  970424s1996\\\\sw\a\\\\\b\\\\000\0\eng\d
=020  \\$a9157651922
=035  9\$a956174
=035  \\$a(OCoLC)36793179
=040  \\$aIWA$cIWA
=090  \\$aSF757$b.R361 nr.39
=100  1\$aForshell, Lars Plym.
=245  10$aConcerning Salmonella survival and animal wastes /$cLars Plym Forshell.
=260  \\$aSkara :$bSwedish University of Agricultural Sciences,$c1996.
=300  \\$a1 v. (various pagings) :$bill. ;$c24 cm.
=490  1\$aRapport / Institutionen för husdjurshygien =$aReport / Swedish University of Agricultural Sciences, Faculty of Veterinary Medicine, Department of Animal Hygiene,$x0283-0698 ;$v39
=500  \\$aBased on 4 previously prepared or published papers reprinted here.
=500  \\$a"Thesis (Licentate)."
=504  \\$aIncludes bibliographical references.
=650  \0$aSalmonella infections in animals
=650  \0$aSalmonella infections$xEpidemiology.
=650  \0$aAnimal waste$xHealth aspects.
=830  \0$aRapport (Sveriges lantbruksuniversitet. Institutionen för husdjurshygien)$v39.
=999  \\$a956174

