=LDR  00979nam  2200265 a 4500
=001  000958537
=003  BIBL
=005  19980831023300.0
=008  820403s1915\\\\enkb\\\\\b\\\\001\0\eng\d
=035  9\$a958537
=035  \\$a(OCoLC)08304898
=040  \\$aPLF$cPLF$dCBT$dIWA
=043  \\$ae-uk-en
=049  \\$aIWAA
=090  \\$aHE3017$bC599e
=100  00$aCleveland-Stevens, Edward Carnegie,$d1883-
=245  10$aEnglish railways :$btheir development and their relation to the state /$cby Edward Cleveland-Stevens.
=260  \\$aLondon :$bRoutledge ;$aNew York :$bDutton,$c1915.
=300  \\$axvi, 332 p. :$b2 folded maps ;$c22 cm.
=440  \0$aStudies in economics and political science.$vno. 42
=500  \\$a"Thesis approved for the degree of doctor of science (economics) in the University of London"--T.p. verso.
=504  \\$aIncludes bibliographical references (p. xvi).
=650  \0$aRailroads$zGreat Britain
=650  \0$aRailroads and state$zGreat Britain.
=999  \\$a958537

