=LDR  00967nam  2200289   4500
=001  000960635
=003  BIBL
=005  19980831033200.0
=008  760430s1943\\\\pau\\\\\\b\\\\000\0\eng\c
=010  \\$aa 43002877
=035  9\$a960635
=035  \\$a(OCoLC)02149869
=040  \\$aPennsylvania. Univ. Libr.$cCIN$dCIN$dIWA
=049  \\$aIWAA
=090  \\$aHV6783$bG946s
=100  00$aGuillot, Ellen Elizabeth,$d1908-
=245  10$aSocial factors in crime as explained by American writers of the civil war and post civil war period ...$c[by] Ellen Elizabeth Guillot.
=260  \\$aPhiladelphia,$c1943.
=300  \\$aix, 197 p.$c24 cm.
=500  \\$aThesis (PH.D)--University of Pennsylvania, 1943.
=500  \\$aCovers the period from 1860 to 1885. cf.Pref.
=504  \\$aBibliography: p. 178-197.
=650  \0$aCrime$zUnited States.
=650  \0$aCriminals$zUnited States
=650  \0$aCriminal anthropology
=651  \0$aUnited States$xSocial conditions
=999  \\$a960635

