=LDR  01191nam  2200301 a 4500
=001  000963746
=003  BIBL
=005  19980831050000.0
=008  940628s1994\\\\sw\a\\\\\b\\\\000\0\eng\d
=020  \\$a916281303X
=035  9\$a963746
=035  \\$a(OCoLC)30682468
=040  \\$aIPL$cIPL$dIWA
=049  \\$aIWAA
=090  \\$aSB299.R2$bN55x 1994
=100  1\$aNilsson, Christer
=245  10$aPollen beetles (Meligethes spp.) in oil seed rape crops (Brassica napus L.) :$bbiological interactions and crop losses /$cChrister Nilsson.
=260  \\$aAlnarp :$bDept. of Plant Protection Sciences, Faculty of Agriculture, Swedish University of Agricultural Sciences,$c1994.
=300  \\$a1 v. (various pagings) :$bill. ;$c24 cm.
=490  1\$aAvhandlingar =$aDissertation,$x1104-7682 ;$v1
=500  \\$aThesis statement inserted.
=502  \\$aThesis (doctoral)--Swedish University of Agricultural Sciences, 1994.
=504  \\$aIncludes bibliographical references.
=650  \0$aRape (Plant)$xDiseases and pests.
=650  \0$aMeligethes
=830  \0$aAvhandlingar (Sveriges lantbruksuniversitet. Institutionen főr va̋xtskyddvetenskap)$v1.
=999  \\$a963746
=092  \\$a633.853976$bN599p, 1994

