=LDR  01179nam  2200313 a 4500
=001  000965079
=003  BIBL
=005  19980831053700.0
=008  940628s1994\\\\sw\a\\\\\b\\\\000\0\eng\d
=035  9\$a965079
=035  \\$a(OCoLC)30682430
=040  \\$aIPL$cIPL$dIWA
=049  \\$aIWAA
=090  \\$aQK494.5.P66$bC54x 1994
=100  1\$aCienciala, Emil.
=245  10$aSap flow, transpiration, and water use efficiency of spruce and willow in relation to climatic factors /$cEmil Cienciala.
=260  \\$aUppsala :$bSwedish University of Agricultural Sciences, Dept. of Ecology and Environmental Research,$c1994.
=300  \\$a1 v. (various pagings) :$bill. ;$c24 cm.
=490  1\$aRapport =$aReport,$x0348-422X ;$v64
=500  \\$aThesis statement inserted.
=502  \\$aThesis (doctoral)--Swedish University of Agricultural Sciences, 1994.
=504  \\$aIncludes bibliographical references.
=650  \0$aNorway spruce$xPhysiology.
=650  \0$aWillows$xPhysiology.
=650  \0$aSap
=650  \0$aPlants$xTranspiration
=830  \0$aRapport (Sveriges lantbruksuniversitet. Institutionen för ekologi och miljövård)$v64.
=999  \\$a965079
=092  \\$a585.2$bC487s, 1994

