=LDR  01402cam  22003497a 4500
=001  000965081
=003  BIBL
=005  19990427154400.0
=008  941013s1994\\\\sw\\\\\\\\\\\\000\0\eng\d
=020  \\$a9157648212
=035  9\$a965081
=035  \\$a(OCoLC)31377613
=040  \\$aNLM$cNLM$dIWA
=049  \\$aIWAA$bPARKS
=060  00$a1994 F-376
=060  10$aQH 445.2
=090  \\$aSF396.9$bG8x, 1994
=100  1\$aGu, Feng.
=245  10$aIn situ hybridization mapping of genetic markers in the porcine genome /$cby Feng Gu.
=260  \\$aUppsala, Sweden :$bDept. of Animal Breeding and Genetics, Swedish University of Agricultural Sciences,$c1994.
=300  \\$a1 v. (various pagings) :$bill.
=490  1\$aRapport / Institutionen för husdjursförädling och sjukdomsgenetik = Publication / Swedish University of Agricultural Sciences, Department of Animal Breeding and Genetics,$x0347-9706 ;$vno. 109
=500  \\$aThesis statement in Swedish and English abstract inserted.
=500  \\$a"ISRN SLU-HFS-R--109--SE."
=502  \\$aTheses (Ph.D.)--Swedish University of Agricultural Sciences, Uppsala, 1994.
=650  \0$aSwine$xGenetics.
=650  \0$aSwine$xBreeding
=650  \0$aIn situ hybridization
=650  \0$aGene mapping
=830  \0$aRapport (Sveriges lantbruksuniversitet. Institutionen för husdjursförädling och sjukdomsgenetik)$vno. 109.
=999  \\$a965081
=069  0\$a9434762

