=LDR  01301nam  22003255a 4500
=001  000965082
=003  BIBL
=005  19980831053700.0
=008  940721s1994\\\\sw\a\\\\\b\\\\000\0\eng\d
=035  9\$a965082
=035  \\$a(OCoLC)30806398
=040  \\$aAGL$cAGL$dKKS$dIWA
=049  \\$aIWAA
=070  0\$aQR51.R32$bno.60
=072  \0$aX300
=090  \\$aQR77.35$bJ66x, 1994
=100  1\$aJonsson, Hans.
=245  10$aCell surface proteins of animal group C streptococci mediating binding of plasma proteins /$cHans Jonsson.
=260  \\$aUppsala :$bInstitutionen för mikrobiologi, Uppsala genetikcentrum,$c1994.
=300  \\$a1 v. (various pagings) :$bill. ;$c24 cm.
=490  1\$aRapport / Sveriges lantbruksuniversitet, Institutionen för mikrobiologi =$aReport / Swedish University of Agricultural Sciences, Department of Microbiology,$x0348-4041 ;$v60
=500  \\$aThesis statement in Swedish and English abstract inserted.
=500  \\$aBased on 5 previously prepared or published papers reprinted here.
=500  \\$a"Dissertation."
=504  \\$aIncludes bibliographical references.
=650  \0$aBacterial cell surfaces
=650  \0$aStreptococcus
=650  \0$aBlood proteins
=830  \0$aRapport (Sveriges lantbruksuniversitet. Institutionen för mikrobiologi)$v60.
=999  \\$a965082

