=LDR  01171nam  2200301 a 4500
=001  000965206
=003  BIBL
=005  19980831054000.0
=008  941205s1994\\\\sw\a\\\\\b\\\\000\0\eng\d
=020  \\$a9157648441
=035  9\$a965206
=035  \\$a(OCoLC)31613227
=040  \\$aIWA$cIWA
=049  \\$aIWAA
=090  \\$aSF757.5$bW35x, 1994
=100  1\$aWallgren, Margareta.
=245  10$aEndotoxin-induced andrological alterations in rams and boars /$cMargareta Wallgren.
=260  \\$aUppsala, Sweden :$bSwedish University of Agricultural Sciences,$c1994.
=300  \\$a1 v. (various pagings) :$bill. ;$c24 cm.
=500  \\$aAt head of title: From the Department of Obstetrics and Gynaecology, Faculty of Veterinary Medicine, Swedish University of Agricultural Sciences, Uppsala, Sweden.
=500  \\$aThesis statement in Swedish and English abstract inserted.
=500  \\$aAuthor's thesis, based on 4 previously published papers reprinted here.
=504  \\$aIncludes bibliographical references.
=650  \0$aVeterinary toxicology
=650  \0$aBoars$xReproduction.
=650  \0$aRams$xReproduction.
=650  \0$aEndotoxins$xPhysiological effect.
=999  \\$a965206

