=LDR  01150cam  2200301 a 4500
=001  000965210
=003  BIBL
=005  19990428113700.0
=008  941205s1994\\\\sw\a\\\\\b\\\\000\0\eng\d
=020  \\$a9157648379
=035  9\$a965210
=035  \\$a(OCoLC)31613079
=040  \\$aIWA$cIWA
=049  \\$aIWAA$bPARKS
=090  \\$aSF401.R4$bA36x 1994
=100  1\$aÅhman, Birgitta.
=245  10$aRadiocaesium in reindeer (Rangifer tarandus tarandus) after fallout from the Chernobyl accident /$cby Birgitta Åhman.
=260  \\$aUppsala, Sweden :$bSwedish University of Agricultural Sciences, Dept. of Clinical Nutrition,$c1994.
=300  \\$a1 v. (various pagings) :$bill. ;$c24 cm.
=500  \\$aThesis statement in Swedish and English abstract inserted.
=500  \\$a"Dissertation."
=500  \\$aBased on 4 previously prepared or published papers reprinted here.
=504  \\$aIncludes bibliographical references.
=650  \0$aReindeer$xEffect of radiation on.
=650  \0$aChernobyl Nuclear Accident, Chornobylʹ, Ukraine, 1986
=650  \0$aCesium$xIsotopes$xToxicology.
=650  \0$aCesium$xIsotopes$xEnvironmental aspects.
=999  \\$a965210

