=LDR  01388nam  2200325 a 4500
=001  000965217
=003  BIBL
=005  19980831054000.0
=008  941219s1994\\\\sw\a\\\\\b\\\\000\0\eng\d
=020  \\$a9157648476
=035  9\$a965217
=035  \\$a(OCoLC)31714394
=040  \\$aIWA$cIWA
=049  \\$aIWAA
=090  \\$aSF376.2$bN37x, 1994
=100  1\$aNäsholm, Anna.
=245  10$aGenetic studies on mature weight, maternal capacity and growth in Swedish finewool sheep /$cby Anna Näsholm.
=260  \\$aUppsala :$bSwedish University of Agricultural Sciences, Dept. of Animal Breeding and Genetics,$c1994.
=300  \\$a1 v. (various pagings) :$bill. ;$c24 cm.
=490  1\$aRapport / Institutionen för husdjursförädling och sjukdomsgenetik,$x0347-9706 ;$v110 = Publication / Swedish University of Agricultural Sciences, Dept. of Animal Breeding and Genetics ;$vno. 110
=500  \\$aThesis statement in Swedish and English abstract inserted.
=500  \\$aBased on 4 previously preparde for published papers reprinted here.
=500  \\$a"Dissertation."
=500  \\$a"ISRN SLU-HFS-R--110--SE."
=504  \\$aIncludes bibliographical references.
=650  \0$aSheep$xBreeding
=650  \0$aSheep$xGenetics.
=650  \0$aEwes$xGrowth
=830  \0$aRapport (Sveriges lantbruksuniversitet. Institutionen för husdjursförädling och sjukdomsgenetik)$vno. 110.
=999  \\$a965217

