=LDR  01373nam  2200349 a 4500
=001  000965240
=003  BIBL
=005  19980831054100.0
=008  941222s1994\\\\sw\a\\\\\b\\\\000\0\eng\d
=020  \\$a9157648336
=035  9\$a965240
=035  \\$a(OCoLC)31735402
=040  \\$aIWA$cIWA
=049  \\$aIWAA
=090  \\$aQK898.A4$bH45x 1994
=100  1\$aHellenäs, Karl-Erik.
=245  10$aGlycoalkaloids in potato tubers :$baspects on analysis, occurrence and toxicology /$cby Karl-Erik Hellenäs.
=260  \\$aUppsala, Sweden :$bSwedish University of Agricultural Sciences, Dept. of Food Science,$c1994.
=300  \\$a1 v. (various pagings) :$bill. ;$c24 cm.
=490  1\$aRapport / Institutionen för Livsmedelsvetenskap,$x1101-5411 ;$v12 = Report / Swedish University of Agricultural Sciences, Department of Food Science ;$v12
=500  \\$aThesis statement in Swedish and English abstract inserted.
=500  \\$aBased on 5 previously prepared or published papers reprinted here.
=500  \\$a"Dissertation.
=500  \\$a"ISRN SLU-LMV-R--12--SE."
=504  \\$aIncludes bibliographical references.
=650  \0$aAlkaloids
=650  \0$aSolanine
=650  \0$aChaconine.
=650  \0$aPotatoes$xAnaylsis.
=650  \0$aPotatoes$xToxicology.
=830  \0$aRapport (Sveriges lantbruksuniversitet. Institutionen för livsmedelsvetenskap)$v12.
=999  \\$a965240

