=LDR  01169nam  2200313 a 4500
=001  000965249
=003  BIBL
=005  19980831054100.0
=008  941214s1994\\\\sw\a\\\\\b\\\\000\0\eng\d
=020  \\$a9157648824
=035  9\$a965249
=035  \\$a(OCoLC)31695559
=040  \\$aIWA$cIWA
=049  \\$aIWAA
=090  \\$aQL737.R632$bH37x 1994
=100  1\$aHartman, Göran
=245  10$aEcological studies of a reintroduced beaver (Castor fiber) population /$cGöran Hartman.
=260  \\$aUppsala, Sweden :$bSwedish University of Agricultural Sciences, Dept. of Wildlife Ecology,$c1994.
=300  \\$a1 v. (various pagings) :$bill. ;$c24 cm.
=490  1\$aRapport / Institutionen för Viltekologi,$x0349-1404 ;$v25
=500  \\$aThesis statement in Swedish and English abstract inserted.
=500  \\$aBased on 6 previously prepared or published papers reprinted here.
=500  \\$a"Dissertation."
=500  \\$a"SLU-VILT-R--25--SE."
=504  \\$aIncludes bibliographical references.
=650  \0$aEuropean beaver$xEcology.
=650  \0$aBeavers$xEcology.
=830  \0$aRapport (Sveriges lantbruksuniversitet. Institutionen för viltekologi)$v25.
=999  \\$a965249

