=LDR  01329nam  2200325 a 4500
=001  000965271
=003  BIBL
=005  19991025134100.0
=008  941212s1994\\\\sw\a\\\\\b\\\\000\0\eng\d
=035  9\$a965271
=035  \\$a(OCoLC)31673377
=040  \\$aIWA$cIWA
=049  \\$aIWAA
=090  \\$aSF205$bM53x, 1994
=100  1\$aMichanek, Per.
=245  10$aTransfer of colostral immunoglobulin to newborn dairy calves :$beffects of housing on suckling patterns and consequences for the intestinal transmission of macromolecules /$cPer Michanek.
=260  \\$aLund :$bSveriges lantbruksuniversitet, Institutionen för jordbrukets biosystem och teknologi,$c1994.
=300  \\$a1 v. (various pagings) :$bill. ;$c24 cm.
=490  1\$aRapport / JBT,$x1104-7313 ;$v90 = Report / JBT ;$v90
=500  \\$aThesis statement in Swedish and English abstract inserted.
=500  \\$aBased on 6 previously prepared or published papers reprinted here.
=500  \\$a"Dissertation."
=500  \\$a"ISRN-SLU-JBT-R--90--SE."
=500  \\$aIncludes bibliographical references.
=650  \0$aCalves$xFeeding and feeds
=650  \0$aCalves$xHousing.
=650  \0$aCalves$xImmunology.
=650  \0$aCalves$xHealth.
=830  \0$aRapport (Sveriges lantbruksuniversitet. Institutionen főr jordbrukets biosystem och teknologi)$v90.
=999  \\$a965271

