=LDR  01502nam  2200325 a 4500
=001  000970400
=003  BIBL
=005  19980831080000.0
=008  941219s1994\\\\sw\a\\\\\b\\\\000\0\eng\d
=035  9\$a970400
=035  \\$a(OCoLC)31714370
=040  \\$aIWA$cIWA
=049  \\$aIWAA
=090  \\$aQK751$bO36x, 1994
=100  1\$aOene, Harmke van.
=245  10$aModelling the impacts of sulphur and nitrogen deposition on forests /$cHarmke van Oene.
=260  \\$aUppsala :$bSveriges lantbruksuniversitet, Institutionen för ekologi och miljövård,$c1994.
=300  \\$a1 v. (various pagings) :$bill. ;$c24 cm.
=490  1\$aRapport / Institutionen för ekologi och miljövård,$x0348-422x ;$v68 = Report / Swedish University of Agricultural Sciences, Department of Ecology and Environmental Research ;$v68
=500  \\$aThesis statement in Swedish and English abstract inserted.
=500  \\$aBased on 5 previously prepared or published papers reprinted here.
=500  \\$a"SLU-EKOMIL-R--68--SE."
=502  \\$aThesis (doctoral)--Sveriges lantbruksuniversitet, 1994.
=504  \\$aIncludes bibliographical references.
=650  \0$aForest plants$xGrowth$xEffect of acid precipitation on$xMathematical models.
=650  \0$aTrees$xGrowth$xEffect of air pollution on$xMathematical models.
=650  \0$aPlants$xEffect of nitrogen on.
=650  \0$aSulfur$xEnvironmental aspects.
=830  \0$aRapport (Sveriges lantbruksuniversitet. Institutionen för ekologi och miljövård)$v68.
=999  \\$a970400

