=LDR  01205nam  2200289 a 4500
=001  000970412
=003  BIBL
=005  19980831080000.0
=008  941219s1994\\\\sw\a\\\\\b\\\\000\0\eng\d
=035  9\$a970412
=035  \\$a(OCoLC)31714293
=040  \\$aIWA$cIWA
=049  \\$aIWAA
=090  \\$aQK649$bS73x, 1994
=100  1\$aStadenberg, Ingela.
=245  10$aBiophysics of leaf extension in Salix /$cIngela Stadenberg.
=260  \\$aUppsala :$bSveriges lantbruksuniversitet, Institutionen för ekologi och miljövård,$c1994.
=300  \\$a1 v. (various pagings) :$bill. ;$c24 cm.
=490  1\$aRapport / Institutionen för ekologi och miljövård,$x0348-422x ;$v65 = Report / Swedish University of Agricultural Sciences, Department of Ecology and Environmental Research ;$v65
=500  \\$aThesis statement in Swedish and English abstract inserted.
=500  \\$aBased on 6 previously prepared or published papers reprinted here.
=500  \\$a"ISRN SLU-EKOMIL-R-65--SE."
=504  \\$aIncludes bibliographical references.
=650  \0$aLeaves$xGrowth
=650  \0$aWillows$xGrowth.
=830  \0$aRapport (Sveriges lantbruksuniversitet. Institutionen för ekologi och miljövård)$v65.
=999  \\$a970412

