=LDR  01376nam  2200313 a 4500
=001  000970428
=003  BIBL
=005  19980831080100.0
=008  941219s1994\\\\sw\a\\\\\b\\\\000\0\eng\d
=035  9\$a970428
=035  \\$a(OCoLC)31714345
=040  \\$aIWA$cIWA
=049  \\$aIWAA
=090  \\$aQL391.N4$bH98x 1994
=100  1\$aHyvönen, Riitta.
=245  10$aInteractions between nematodes and other soil organisms in coniferous forest soils in relation to acid/base and nutrient status /$cRiitta Hyvönen.
=260  \\$aUppsala :$bSveriges lantbruksuniversitet, Institutionen för ekologi och miljövård,$c1994.
=300  \\$a1 v. (various pagings) :$bill. ;$c24 cm.
=490  1\$aRapport / Institutionen för ekologi och miljövård,$x0348-422x ;$v66 = Report / Swedish University of Agricultural Sciences, Department of Ecology and Environmental Research ;$v66
=500  \\$aThesis statement in Swedish and English abstract inserted.
=500  \\$aBased on 4 previously prepared or published papers reprinted here.
=500  \\$a"Dissertation."
=500  \\$a"ISRN SLU-EKOMIL-R66--SE."
=504  \\$aIncludes bibliographical references.
=650  \0$aSoil nematodes$xEffect of chemicals on.
=650  \0$aSoil ecology
=650  \0$aSoil chemistry
=830  \0$aRapport (Sveriges lantbruksuniversitet. Institutionen för ekologi och miljövård)$v66.
=999  \\$a970428

