=LDR  01126cam  22003135a 4500
=001  000970472
=003  BIBL
=005  19990116035200.0
=008  960619s1993\\\\sw\\\\\\\\\\\\000\0\eng\d
=020  \\$a9187268183
=035  9\$a970472
=035  \\$a(OCoLC)34950281
=040  \\$aFCI$bfre$cFCI$dIWA
=049  \\$aIWAA$bPARKS
=090  \\$aHJ2305$b.D55x 1993
=100  1\$aDillén, Mats.
=245  10$aStudies in optimal taxation, stabilization, and imperfect competition /$cMats Dillén.
=260  \\$aUppsala :$bDepartment of Economics, Uppsala University,$c1993.
=300  \\$aiii, 143 p. ;$c24 cm.
=490  1\$aEconomic studies,$x0283-7668 ;$v12.
=500  \\$aThesis statement inserted.
=502  \\$aThesis (Ph.D.)--Uppsala University, 1993.
=504  \\$aIncludes bibliographical references.
=650  \0$aTaxation$xMathematical models.
=650  \0$aFinance, Public$xMathematical models.
=650  \0$aEquilibrium (Economics)$xMathematical models.
=650  \0$aCompetition (Imperfect)$xMathematical models.
=830  \0$aEconomic studies (Uppsala universitet. Nationalekonomiska institutionen)$v12.
=999  \\$a970472

