=LDR  00681cam  2200253   4500
=001  000971577
=003  BIBL
=005  19990120041400.0
=008  770316s1962\\\\nju\\\\\\\\\\\000\0\eng\d
=035  9\$a971577
=035  \\$a(OCoLC)02806616
=040  \\$aJNA$cJNA$dIWA
=049  \\$aIWAA$bPARKS
=090  \\$aZ672$bH3x
=100  00$aHarrar, Helen Joanne.
=245  10$aCooperative storage warehouses.
=260  \\$aNew Brunswick, N.J.,$c1962.
=300  \\$av, 203 l.$billus.$c29 cm.
=500  \\$aThesis (Ph. D.) - Rutgers University.
=500  \\$aTypewritten.
=504  \\$aIncludes bibliographies.
=650  \0$aLibrary storage centers
=650  \0$aLibrary cooperation
=999  \\$a971577

