=LDR  00737nam  2200253   4500
=001  000971935
=003  BIBL
=005  19980831084100.0
=008  751110s1942\\\\nyu\\\\\\b\\\\000\0beng\\
=010  \\$a43002031
=035  9\$a971935
=035  \\$a(OCoLC)01821134
=040  \\$aDLC$cJPL$dOCL$dEYM$dIWA
=049  \\$aIWAA
=090  \\$aZ1004$bL596b
=100  1\$aBeswick, Jay W.
=245  14$aThe work of Frederick Leypoldt,$bbibliographer and publisher ...
=260  \\$aNew York,$bR.R. Bowker Company,$c1942.
=300  \\$a102 p.$c23 cm.
=500  \\$aThesis (M.S.)--Columbia University, 1941.
=500  \\$aReproduced from type-written copy.
=504  \\$aIncludes bibliographies.
=600  10$aLeypoldt, Frederick,$d1835-1884
=999  \\$a971935

