=LDR  01243nam  2200313 a 4500
=001  000972883
=003  BIBL
=005  19980831090600.0
=008  941212s1994\\\\sw\a\\\\\b\\\\000\0\eng\d
=020  \\$a9157648980
=035  9\$a972883
=035  \\$a(OCoLC)31673486
=040  \\$aIWA$cIWA
=049  \\$aIWAA
=090  \\$aS655$bB78x, 1994
=100  1\$aBrundin, Sven.
=245  10$aOptimization of manure handling systems under Swedish conditions /$cSven Brundin.
=260  \\$aUppsala, Sweden :$bSwedish University of Agricultural Sciences, Dept. of Economics,$c1994.
=300  \\$a227 p. :$bill. ;$c24 cm.
=490  1\$aAvhandlingar / Institutionen för ekonomi,$x0284-4842 ;$v9 = Disserations / Swedish University of Agricultural Sciences, Dept. of Economics ;$v9
=500  \\$aThesis statement in Swedish and English abstract inserted.
=500  \\$a"ISRN SLU-EKON-AVH--9--SE."
=502  \\$aThesis (doctoral)--Sveriges lantbruksuniversitet, 1994.
=504  \\$aIncludes bibliographical references.
=650  \0$aManure handling$zSweden$xMathematical models.
=650  \0$aFarm manure$zSweden.
=650  \0$aAnimal waste$zSweden.
=830  \0$aAvhandlingar (Sveriges lantbruksuniversitet. Institutionen för ekonomi)$v9.
=999  \\$a972883

