=LDR  00759nam  2200229 ? 4500
=001  000975126
=003  BIBL
=005  19980831100600.0
=008  970528s1926\\\\xx\a\\\\\\\\\\000\0\eng\d
=035  9\$a975126
=040  \\$aIWA$cIWA
=049  \\$aIWAA
=090  \\$aT11$bP442p
=100  1\$aPeterson, Lloyd Eugene.
=245  10$aPractical work as business manager of the Iowa Engineer Magazine /$cby Lloyd E. Peterson.
=300  \\$a1 v. (various pagings) :$billus. ;$c30 cm.
=500  \\$aTypescript (Photocopy)
=500  \\$aThesis consists of the Iowa engineer vol. XXVI, no. 1-6 illustrating the author's work as a business manager.
=502  \\$aThesis (B.S.)--Iowa State College, 1926.
=650  \0$aJournalism, College
=730  0\$aIowa engineer
=999  \\$a975126

