=LDR  00997cam  2200289 a 4500
=001  000975715
=003  BIBL
=005  19990921141600.0
=008  970818s1997\\\\sw\a\\\\\b\\\\000\0\eng\d
=035  9\$a975715
=035  \\$a(OCoLC)37485751
=040  \\$aFUG$cFUG$dIWA
=041  0\$aeng$bswe
=049  \\$aIWAA$bPARKS
=090  \\$aHD62.5$b.S28x 1997
=100  1\$aSanner, Leif.
=245  10$aTrust between entrepreneurs and external actors :$bsensemaking in organising new business ventures /$cLeif Sanner.
=260  \\$aUppsala, Sweden :$bDepartment of Business Studies, Uppsala University,$c1997.
=300  \\$aviii, 245 p. :$bill. ;$c24 cm.
=440  \0$aDoctoral thesis$vno. 67
=500  \\$aThesis statement in Swedish and English abstract inserted.
=502  \\$aThesis (doctoral)--Uppsala University, 1997.
=504  \\$aIncludes bibliographical references (p. 232-245).
=546  \\$aSummary in Swedish.
=650  \0$aEntrepreneurship
=650  \0$aNew business enterprises
=999  \\$a975715

