=LDR  01102nam  2200325 a 4500
=001  000990722
=003  BIBL
=005  19980831165000.0
=008  950117s1994\\\\sw\a\\\\\b\\\\000\0\eng\d
=020  \\$a9157649014
=035  9\$a990722
=035  \\$a(OCoLC)31825160
=040  \\$aIWA$cIWA
=049  \\$aIWAA
=090  \\$aQD401$bR66x, 1994
=100  00$aRonne, Erik.
=245  10$aSynthesis of imidazoazaarenes /$cErik Ronne.
=260  \\$aUppsala, Sweden :$bSwedish University of Agricultural Sciences, Dept. of Chemistry,$c1994.
=300  \\$a1 v. (various pagings) :$bill. ;$c24 cm.
=500  \\$aThesis statement in Swedish and English abstract inserted.
=500  \\$a"Dissertation."
=500  \\$aBased on 5 previously prepared or published papers reprinted here.
=502  \\$aTheses (doctoral)--Sveriges lantbruksuniversitet, 1994.
=504  \\$aIncludes bibliographical references.
=650  \0$aHeterocyclic compounds$xSynthesis.
=650  \0$aMutagens$xSynthesis.
=650  \0$aCarcinogens$xSynthesis.
=650  \0$aQuinoline$xSynthesis.
=650  \0$aAmines$xSynthesis.
=999  \\$a990722

