=LDR  01158nam  2200325 a 4500
=001  000991198
=003  BIBL
=005  19980831170200.0
=008  941222s1994\\\\sw\a\\\\\b\\\\000\0\eng\d
=020  \\$a9157649006
=035  9\$a991198
=035  \\$a(OCoLC)31735409
=040  \\$aIWA$cIWA
=049  \\$aIWAA
=090  \\$aQK898.I8$bF35x 1994
=100  1\$aFalk, Anders.
=245  10$aStructure and expression of [beta]-glucosidases and their binding proteins in Brassica napus L. /$cby Anders Falk.
=260  \\$aUppsala :$bUppsala Genetic Center, Dept. of Cell Research, Swedish University of Agricultural Sciences,$c1994.
=300  \\$a1 v. (various pagings) :$bill. ;$c24 cm.
=500  \\$aThesis statement in Swedish and English abstract inserted.
=500  \\$aBased on 5 previously prepared or published papers reprinted here.
=500  \\$a"Dissertation.
=502  \\$aThesis (doctoral)--Sveriges lantbruksuniversitet, 1994.
=504  \\$aIncludes bibliographical references.
=650  \0$aPlant isozymes
=650  \0$aMyrosinase.
=650  \0$aGlucosidases
=650  \0$aGlucosinolates
=650  \0$aBrassica$xMolecular genetics.
=999  \\$a991198

