=LDR  01103nam  2200289 a 4500
=001  000991208
=003  BIBL
=005  19980831170300.0
=008  941228s1994\\\\sw\a\\\\\b\\\\000\0\eng\d
=020  \\$a915764859X
=035  9\$a991208
=035  \\$a(OCoLC)31748106
=040  \\$aIWA$cIWA
=049  \\$aIWAA
=090  \\$aQP532$bB67x, 1994
=100  00$aBorg-Neczak, Kathleen.
=245  14$aThe disposition of some metals in mammals and fish :$beffects of lipophilic chelation /$cKathleen Borg-Neczak.
=260  \\$aUppsala, Sweden :$bDept. of Pharmacology & Toxicology, Faculty of Veterinary Medicine, Swedish University of Agricultural Sciences,$c1994.
=300  \\$a1 v. (various pagings) :$bill. ;$c24 cm.
=500  \\$aThesis statement in Swedish and English abstract inserted.
=500  \\$aBased on 8 previously prepared or published papers reprinted here.
=500  \\$aErrata inserted.
=504  \\$aIncludes bibliographical references.
=650  \0$aMammals$xEffect of heavy metals on.
=650  \0$aFishes$xEffect of heavy metals on
=650  \0$aChelates$xPhysiological effect
=999  \\$a991208

