=LDR  01063nam  22002775  4500
=001  000991369
=003  BIBL
=005  19990415135900.0
=008  930118s1943\\\\sw\\\\\\\b\\\\000\0\swe\d
=035  9\$a991369
=035  \\$a(OCoLC)27269792
=040  \\$aCLU$cCLU$dIWA
=049  \\$aIWAA
=090  \\$aTA420$bT424i
=100  10$aThunell, Bertil.
=245  10$aInverkan av vissa kvalitetsbestämmande faktorer på hållfastheten mot tryck hos svenskt furuvirke; vid belastning i längdriktningen av vissa sagade handelsdimensioner mellan vinkelrörliga upplag.
=260  \\$aStockholm,$bStatens Reproduktionsanstalt,$c1943.
=300  \\$a1 p. l., [5]-200 p.$bincl. illus., tables, diagrs. plates (part col.)$c25 cm.
=500  \\$aStamped on cover: K.T.H. Avh. 34.
=500  \\$aThesis note on cover.
=500  \\$aSummary in German: p. 188-190; summary in English: p. 190-192.
=502  \\$aAvhandling - Kungl. Tekniska hogskolan, Stockholm.
=504  \\$a"Litteraturförteckning": p. 193-200.
=650  \0$aWood$xTesting
=650  \0$aTimber$zSweden.
=999  \\$a991369

