=LDR  00695nam  2200229 i 4500
=001  000992242
=003  BIBL
=005  19980831172900.0
=008  771109s1968\\\\onc\\\\\\b\\\\000\0\eng\d
=035  9\$a992242
=035  \\$a(OCoLC)03405256
=040  \\$aEZN$cEZN$dIWA
=049  \\$aIWAA
=090  \\$aHM22.Y8$bT598p
=100  00$aTomović, Vladislav A.,$d1933-
=245  10$aPost World War II sociology in Yugoslavia /$cby Vladislav A. Tomović.
=260  \\$aWindsor, Ont. :$bUniversity of Windsor,$cc1968.
=300  \\$aix, 267 leaves ;$c22 cm.
=500  \\$aThesis (M.A.) - University of Windsor.
=504  \\$aBibliography: leaves 202-263.
=650  \0$aSociology$zYugoslavia$xHistory.
=999  \\$a992242

