=LDR  00942nam  22002775a 4500
=001  000996364
=003  BIBL
=005  19990209144100.0
=008  970609s1997\\\\sw\a\\\\\b\\\\000\0\eng\d
=020  \\$a9157652821
=035  9\$a996364
=035  \\$a(OCoLC)37035298
=040  \\$aAGL$cAGL$dKKS$dIWA
=049  \\$aIWAA
=070  0\$aS419.A28$bno.36
=072  \0$aF120$aF200
=090  \\$aSB191.B2$bV48x 1997
=100  1\$aVeteläinen, Merja.
=245  10$aDynamic genepools of barley :$butilisation of exotic germplasm in Nordic plant breeding /$cMerja Veteläinen.
=260  \\$aAlnarp :$bSwedish University of Agricultural Sciences,$c1997.
=300  \\$a1 v. (various pagings) :$bill. ;$c24 cm.
=440  \0$aActa Universitatis Agriculturae Sueciae.$pAgraria$v36
=500  \\$aThesis (doctoral)--Swedish University of Agricultural Sciences, 1997.
=504  \\$aIncludes bibliographical references.
=650  \0$aBarley$xGenetics
=999  \\$a996364

