=LDR  01113nam  2200313 a 4500
=001  000996593
=003  BIBL
=005  19980831192400.0
=008  970805s1997\\\\sw\a\\\\\b\\\\000\0\eng\d
=020  \\$a9157654026
=035  9\$a996593
=035  \\$a(OCoLC)37419699
=040  \\$aIWA$cIWA
=049  \\$aIWAV
=090  \\$aSF809.T6$bG87x 1997
=100  1\$aGustafsson, Katarina.
=245  10$aStudies of toxoplasmosis in hares and capercaillie /$cKatarina Gustafsson.
=260  \\$aUppsala :$bSwedish University of Agricultural Sciences,$c1997.
=300  \\$a1 v. (various pagings) :$bill. ;$c24 cm.
=440  \0$aActa Universitatis Agriculturae Sueciae.$pVeterinaria$v16
=500  \\$aThesis statement in Swedish and English abstract inserted.
=500  \\$aBased on 5 previously prepared or published papers reprinted here.
=502  \\$aThesis (doctoral)---Sveriges lantbruksuniversitet, 1997.
=504  \\$aIncludes bibliographical references.
=650  \0$aToxoplasmosis in animals
=650  \0$aToxoplasma gondii
=650  \0$aHares$xDiseases.
=650  \0$aWestern capercaillie$xDiseases.
=999  \\$a996593

