=LDR  00957cam  2200265   4500
=001  000999475
=003  BIBL
=005  20050422083500.0
=008  751124s1945\\\\dcud\\\\\\\\\\000\0\eng\\
=010  \\$aa 46004851
=035  9\$a999475
=035  \\$a(OCoLC)01851383
=040  \\$aDLC$cFQG$dOCL$dIWA
=049  \\$aIWAA
=090  \\$aHG2613.P5$bB9s
=100  00$aBurns, Edward John,$d1915-
=245  10$aSome financial trends of commercial banks of Philadelphia, Pennsylvania, 1915-1941,$cby Rev. Edward John Burns.
=260  \\$aWashington, D. C.,$bThe Catholic university of America press,$c1945
=300  \\$ax, 122 p.$bincl. tables.$c23 cm.
=490  1\$aCatholic University of America. Studies in economics$vv. 16
=500  \\$aThesis (PH.D)--Catholic university of America, 1945.
=504  \\$aBibliography: p. 115-119.
=650  \0$aBanks and banking$zPhiladelphia.
=830  \0$aStudies in economics (Catholic University of America)$vv. 16.
=999  \\$a999475

