=LDR  00915nam  2200265   4500
=001  000999945
=003  BIBL
=005  20020913130200.0
=008  760122s1912\\\\miu\\\\\\\\\\\000\0\eng\\
=010  \\$a12033167
=035  9\$a999945
=035  \\$a(OCoLC)01941058
=040  \\$aDLC$cIQU$dIWA
=049  \\$aIWAA
=090  \\$aHE1075.M5$bH384h
=100  1\$aHedrick, W. O.$q(Wilbur Olin),$d1868-1954
=245  14$aThe history of railroad taxation in Michigan...$cby Wilbur O. Hedrick...
=260  \\$aLansing, Mich.,$bWynkoop Hallenbeck Crawford co., state printers,$c1912.
=300  \\$a69 p., 1 l.$c23 cm.
=500  \\$aAt head of title: Michigan state library. Legislative reference department.
=500  \\$aThesis (PH. D)--University of Michigan, 1909.
=504  \\$aBibliography: p. 69.
=650  \0$aRailroads$zMichigan$xTaxation.
=710  00$aMichigan.$bState Library.$bLegislative Reference Dept.
=999  \\$a999945

