=LDR  00969nam  22002891  4500
=001  001001533
=003  BIBL
=005  19980826072100.0
=008  740813s1966\\\\kyu\\\\\\b\\\\000\0\eng\\
=010  \\$a66064753
=035  9\$a1001533
=035  \\$a(OCoLC)01878489
=040  \\$aDLC$cDLC$dIWA
=043  \\$an-us-ky
=049  \\$aIWAA
=082  \\$a336.3/09769
=090  \\$aHJ8338$bL991d
=100  1\$aLynch, Daniel Willis,$d1927-
=245  14$aThe development of state and local debt in Kentucky, 1890-1962$c[by] Daniel W. Lynch.
=260  \\$aLexington, Ky.,$bBureau of Business Research, College of Commerce, University of Kentucky,$c1966.
=300  \\$axi, 209 p.$c28 cm.
=500  \\$aThesis, University of Kentucky, published with only minor editorial changes.
=504  \\$aBibliographical footnotes.
=650  \0$aDebts, Public$zKentucky.
=650  \0$aLocal finance$zKentucky.
=710  20$aUniversity of Kentucky.$bBureau of Business Research.
=999  \\$a1001533

