=LDR  01023cam  22003015a 4500
=001  001007155
=003  BIBL
=005  19990209144100.0
=008  970808s1997\\\\sw\ab\\\\b\\\s000\0\eng\d
=020  \\$a9157652732
=035  9\$a1007155
=035  \\$a(OCoLC)37440558
=040  \\$aAGL$cAGL$dKKS$dIWA
=049  \\$aIWAA$bPARKS
=070  0\$aS419.A28$bno.56
=072  \0$aP300
=090  \\$aSB484.S8$bB83x 1997
=100  1\$aBucht, Eivor.
=245  10$aPublic parks in Sweden 1860-1960 :$bthe planning and design discourse /$cEivor Bucht.
=260  \\$aAlnarp :$bSwedish University of Agricultural Sciences,$c1997.
=300  \\$a255 p. :$bill., maps ;$c24 cm.
=440  \0$aActa Universitatis Agriculturae Sueciae.$pAgraria$v56
=500  \\$aThesis statement in Swedish and English abstract inserted.
=502  \\$aThesis (doctoral)--Swedish University of Agricultural Sciences, 1997.
=504  \\$aIncludes bibliographical references (p. 243-253).
=650  \0$aParks$zSweden
=650  \0$aParks$xPlanning.
=999  \\$a1007155

