=LDR  00764nam  2200253   4500
=001  001007834
=003  BIBL
=005  19980826122000.0
=008  740625s1917\\\\xx\\\\\\\\\\\\000\0\eng\c
=010  \\$a17021115
=035  9\$a1007834
=035  \\$a(OCoLC)00928718
=040  \\$aVTU$cVTU$dIWA
=049  \\$aIWAA
=090  \\$aTX326$bL517h
=100  1\$aLeeds, John Bacon,$d1874-
=245  14$aThe household budget, with a special inquiry into the amount and value of household work$c[by] John B. Leeds ...
=260  \\$aGermantown, Philadelphia.$bJ. B. Leeds$c[c1917]
=300  \\$a246 p.$bfront. (port.)$c21 cm.
=500  \\$aThesis (PH.D.)--Columbia university.
=500  \\$aVita.
=650  \0$aHome economics
=650  \0$aCost and standard of living
=999  \\$a1007834

