=LDR  01105nam  2200313 a 4500
=001  001008702
=003  BIBL
=005  19990219085100.0
=008  970819s1997\\\\sw\a\\\\\b\\\\000\0\eng\d
=020  \\$a915765249X
=035  9\$a1008702
=035  \\$a(OCoLC)37494841
=040  \\$aIWA$cIWA
=049  \\$aIWAA
=090  \\$aSF768.2.H67$bR63x 1997
=100  1\$aRoepstorff, Lars.
=245  12$aA force measuring horse shoe applied in kenetic and kinematic analysis of the trotting horse /$cLars Roepstorff.
=260  \\$aUppsala :$bSwedish University of Agricultural Sciences, c 1997.
=300  \\$a1 v. (various pagings) :$bill. ;$c24 cm.
=440  \0$aActa Universitatis Agriculturae Sueciae.$pVeterinaria$v14
=500  \\$aThesis statement in Swedish and English abstract inserted.
=502  \\$aThesis (Ph. D.)--Sveriges lantbruksuniversitet, 1997.
=504  \\$aIncludes bibliographical references.
=650  \0$aHorses$xPaces, gaits, etc.
=650  \0$aHorses$xExercise$xPhysiological aspects.
=650  \0$aAnimal locomotion
=650  \0$aAnimal mechanics
=650  \0$aHorseshoes
=999  \\$a1008702

