=LDR  01025cam  2200289 a 4500
=001  001008720
=003  BIBL
=005  19990219085100.0
=008  971021s1997\\\\sw\a\\\\\b\\\\000\0\eng\d
=020  \\$a915765400X
=035  9\$a1008720
=035  \\$a(OCoLC)37815651
=040  \\$aIWA$cIWA
=049  \\$aIWAA$bPARKS
=090  \\$aQR187.5$bE46x, 1997
=100  1\$aEloranta, Maija-Leena.
=245  14$aThe interferon-a/b system studied in vitro and in vivo /$cMaija-Leena Eloranta.
=260  \\$aUppsala :$bSwedish University of Agricultural Sciences,$c1997.
=300  \\$a1 v. (various pagings) :$bill. ;$c24 cm.
=440  \0$aActa Universitatis Agriculturae Sueciae.$pVeterinaria$v15
=500  \\$aThesis statement in Swedish and English abstract inserted.
=500  \\$aBased on 7 previously prepared or published papers reprinted here.
=502  \\$aThesis (doctoral)--Sveriges lantbruksuniversitet, 1997.
=504  \\$aIncludes bibliographical references.
=650  \0$aInterferon
=650  \0$aLeucocytes
=999  \\$a1008720

