=LDR  01019cam  2200277   4500
=001  001009510
=003  BIBL
=005  20070618113800.0
=008  770922s1930\\\\xx\\\\\\\\\\\\000\0\eng\\
=010  \\$a30019425
=035  9\$a1009510
=035  \\$a(OCoLC)03287305
=040  \\$aDLC$cOCP$dIWA
=090  \\$aHD2765$bK967L
=100  10$aKurtz, Edwin Bernard,$d1894-
=245  10$aLife expectancy of physical property based on mortality laws,$cby Edwin B. Kurtz.
=260  \\$aNew York,$bThe Ronald press company$c[c1930]
=300  \\$axiv, 205 p.$bdiagrs.$c22 cm.
=530  \\$aAlso available online.
=500  \\$aThesis (Ph.D.)--Iowa State College, 1932.
=650  \0$aPublic utilities$xValuation
=650  \0$aPublic utilities$xEquipment and supplies
=650  \0$aEngineering$xTables.
=856  41$uhttp://proxy.lib.iastate.edu/login?url=http://gateway.proquest.com/openurl?url_ver=Z39.88-2004&rft_val_fmt=info:ofi/fmt:kev:mtx:dissertation&res_dat=xri:pqdiss&rft_dat=xri:pqdiss:DP14484
=999  \\$a1009510
=902  \\$axyz

