=LDR  01197cam  2200337 a 4500
=001  001010232
=003  BIBL
=005  19990120045400.0
=008  970923s1997\\\\sw\a\\\\\b\\\\000\0\eng\d
=010  \\$a97198808 //r98
=020  \\$a9187268361
=035  9\$a1010232
=035  \\$a(OCoLC)37577867
=040  \\$aDJB$cDLC$dOCL$dIWA
=042  \\$alccopycat
=049  \\$aIWAA$bPARKS
=050  04$aHB820$b.E37 1997
=100  1\$aEkman, Erik
=245  10$aHousehold and corporate behaviour under uncertainty /$cErik Ekman.
=260  \\$aUppsala :$bDept. of Economics, Uppsala University,$c1997.
=300  \\$aii, 160 p. :$bill. ;$c25 cm.
=490  1\$aEconomic studies,$x0283-7668 ;$v29
=500  \\$aThesis statement inserted.
=502  \\$aThesis (Ph. D.)--Uppsala University, 1997.
=504  \\$aIncludes bibliographical references.
=650  \0$aConsumption (Economics)$xMathematical models
=650  \0$aCorporations$xTaxation$xMathematical models.
=650  \0$aUncertainty$xMathematical models.
=830  \0$aEconomic studies (Uppsala universitet. Nationalekonomiska institutionen)$v29.
=856  7\$3Table of contents$uhttp://lcweb.loc.gov/catdir/toc/97-198808.html$2http
=999  \\$a1010232

