=LDR  01151cam  2200313 a 4500
=001  001011133
=003  BIBL
=005  19990120045600.0
=008  950222s1994\\\\sw\a\\\\\b\\\\000\0\eng\d
=020  \\$a9157648611
=035  9\$a1011133
=035  \\$a(OCoLC)32032915
=040  \\$aIWA$cIWA
=049  \\$aIWAA$bPARKS
=090  \\$aQK898.E58$bL8x 1994
=100  1\$aLu, Guoguang.
=245  10$aStructural studies on nitrate reductase, a nitrogen assimilating enzyme /$cGuoguang Lu.
=260  \\$aUppsala :$bDept. of Molecular Biology, Swedish University of Agricultural Sciences,$c1994.
=300  \\$a1 v. (various pagings) :$bill. (some col.) ;$c30 cm.
=500  \\$aThesis consisting of general discussion and 4 previously prepared or published papers reprinted here.
=500  \\$aThesis statement in Swedish and English abstract inserted.
=504  \\$aIncludes bibliographical references.
=650  \0$aPlant enzymes$xStructure.
=650  \0$aCytochrome b reductase$xStructure.
=650  \0$aNitrogen reductase$xStructure.
=650  \0$aCytochromes$xStructure.
=650  \0$aNitrogen$xFixation
=650  \0$aPlants$xAssimilation
=999  \\$a1011133

