=LDR  01413nam  2200325 a 4500
=001  001012949
=003  BIBL
=005  19980826164200.0
=008  950222s1994\\\\sw\a\\\\\b\\\\000\0\swe\d
=020  \\$a9157648956
=035  9\$a1012949
=035  \\$a(OCoLC)32032730
=040  \\$aIWA$cIWA
=041  0\$aswe$beng
=049  \\$aIWAA
=090  \\$aHD1491.S8$bF74x 1994
=100  1\$aFregidou-Malama, Maria.
=245  10$aLantbrukskooperationen och staten :$bsamspelet rörande föreningslagen = Agricultural cooperatives and the state : the relationship under the legislative process /$cMaria Fregidou-Malama.
=260  \\$aUppsala, Sweden :$bSwedish University of Agricultural Sciences,$c1994.
=300  \\$axiv, 183 p. :$bill. ;$c24 cm.
=490  1\$aAvhandlingar / Institutionen för ekonomi,$x0284-4842 ;$v12 = Dissertations / Swedish University of Agricultural Sciences, Dept. of Economics ;$v12
=500  \\$aThesis statement in Swedish and English abstract inserted.
=500  \\$aAbstract and summary in English.
=502  \\$aThesis (doctoral)--Sveriges lantbruksuniversitet, 1994.
=504  \\$aIncludes bibliographical references (p. 177-181)
=650  \0$aAgriculture, Cooperative$zSweden.
=650  \0$aAgriculture and state$zSweden.
=740  01$aAgricultural cooperatives and the state.
=830  \0$aAvhandlingar (Sveriges lantbruksuniversitet. Institutionen för ekonomi)$v12.
=999  \\$a1012949

