=LDR  01131nam  2200289 a 4500
=001  001014166
=003  BIBL
=005  19980826174200.0
=008  950809s1994\\\\gw\\\\\\\\\\\\000\0\ger\d
=020  \\$a3515064419
=035  9\$a1014166
=035  \\$a(OCoLC)32945266
=040  \\$aGZM$cGZM$dIWA
=049  \\$aIWAA
=090  \\$aHD9654.7.R5$bH46x 1994
=100  10$aHenneking, Ralf.
=245  10$aChemische Industrie und Umwelt :$bKonflikte um Umweltbelastungen durch die chemische Industrie am Beispiel der schwerchemischen, Farben- und Düngemittelindustrie der Rheinprovinz (ca. 1800-1914) /$cRalf Henneking.
=260  \\$aStuttgart :$bF. Steiner,$c1994.
=300  \\$a509 p. ;$c24 cm.
=440  \0$aZeitschrift für Unternehmensgeschichte.$pBeiheft$v86
=500  \\$aThesis--Universität Bonn, 1992.
=504  \\$aBibliography: p. 491-509.
=650  \0$aChemical industry$xEnvironmental aspects$zGermany$zRhine Province.
=650  \0$aChemical industry$zGermany$zRhine Province$xHistory.
=650  \0$aEnvironmental protection$zGermany$zRhine Province$xHistory.
=650  \0$aEnvironmental law$zPrussia$xHistory.
=999  \\$a1014166

