=LDR  00779nam  2200277   4500
=001  001015445
=003  BIBL
=005  19980826184400.0
=008  740725s1965\\\\xx\\\\\\\\\\\\000\0\eng\u
=010  \\$a65004198
=035  9\$a1015445
=035  \\$a(OCoLC)00962373
=040  \\$cNED$dIWA
=049  \\$aIWAA
=082  \\$a658.83
=090  \\$aHD9161$bSt99e
=100  1\$aStykolt, Stefan.
=245  10$aEconomic analysis and combines policy;$ba study of intervention into the Canadian market for tires.
=260  \\$a[Toronto]$bUniversity of Toronto Press$c[1965]
=300  \\$a111 p.$c25 cm.
=440  \0$aCanadian studies in economics$v17
=500  \\$aThesis--Harvard.
=504  \\$aBibliography: p. [87]-91.
=650  \0$aTires
=650  \0$aMotor vehicles$xTires
=999  \\$a1015445

