=LDR  00849nam  2200241   4500
=001  001016381
=003  BIBL
=005  19980826192800.0
=008  800708s1933\\\\enka\\\\\\\\\\000\0\eng\\
=010  \\$a33010956
=035  9\$a1016381
=035  \\$a(OCoLC)06495026
=040  \\$aDLC$cCLE$dIWA
=049  \\$aIWAA
=090  \\$aHD5779$bW639u
=100  1\$aWiggs, Kenneth Ingram,
=245  10$aUnemployment in Germany since the war,$cby Kenneth Ingram Wiggs ... with an introduction by Henry Clay.
=260  \\$aLondon,$bP.S. King & son, ltd.,$c1933.
=300  \\$aix, 216 p.$bdiagrs. (1 fold.)$c22 cm.
=410  20$aLondon school of economics and political science.$tStudies in economics and commerce.$vno. I
=500  \\$a"Thesis approved for the degree of doctor of philosophy in the University of London."
=650  \0$aUnemployed$zGermany.
=999  \\$a1016381

