=LDR  00997nam  2200289   4500
=001  001019187
=003  BIBL
=005  19980826213100.0
=008  760503s1935\\\\nyua\\\\\\\\\\001\0\eng\\
=010  \\$a35029634
=035  9\$a1019187
=035  \\$a(OCoLC)02153993
=040  \\$aDLC$cBBH$dOCL$dIWA
=043  \\$an-us---
=049  \\$aIWAA
=090  \\$aHF1756$b.S38 1935
=100  1\$aSchattschneider, E. E.$q(Elmer Eric),$d1892-1971
=245  10$aPolitics, pressures and the tariff;$ba study of free private enterprise in pressure politics, as shown in the 1929-1930 revision of the tariff,$cby E. E. Schattschneider.
=260  \\$aNew York,$bPrentice-Hall, inc.,$c1935.
=300  \\$axi, 301 p.$bdiagrs.$c24 cm.
=490  0\$aPrentice-Hall political science series
=500  \\$aThesis (PH.D.)--Columbia university, 1935.
=500  \\$aWithout thesis note.
=650  \0$aTariff$zUnited States
=650  \0$aLobbying
=651  \0$aUnited States$xPolitics and government$y1923-1929
=999  \\$a1019187

