=LDR  01618nam  2200385 a 4500
=001  001021603
=003  BIBL
=005  19980826231400.0
=007  he-bmb024bbca
=008  941201s1991\\\\dcua\\\\bb\\\f000\0\eng\d
=035  9\$a1021603
=035  \\$atmc95058482
=035  \\$a(OCoLC)31595162
=035  \\$a(GPO)95058482
=040  \\$aGPO$cGPO$dDLC
=049  \\$aISU2
=074  \\$a0637-A-01 (MF)
=086  0\$aI 28.155:5-91$zI 28.155:OFR 5-91
=100  1\$aSlimane, Rachid Ben.
=245  14$aThe application of a submerged lance injection technique to the direct smelting of a Missouri lead concentrate$h[microform] /$cby Rachid Ben Slimane.
=260  \\$a[Washington, D.C. :$bU.S. Dept. of the Interior, Bureau of Mines,$c1991]
=300  \\$axii, 122 leaves :$bill. ;$c28 cm.
=490  1\$a[OFR ;$v5-91]
=500  \\$a"Supported by the Bureau of Mines under grant no. G1125129 for the Generic Mineral Technology Center for Pyrometallurgy."
=500  \\$aDistributed to depository libraries in microfiche.
=500  \\$aShipping list no." 94-0320-M.
=500  \\$a"Thesis presented to the faculty of the Graduate School of the University of Missouri--Rolla."
=504  \\$aIncludes bibliographical references (leaves 118-121).
=533  \\$aMicrofiche.$b[Washington, D.C. :$cSupt. of Docs., U.S. G.P.O.,$d1994]$e2 microfiches : negative.
=650  \0$aLead$xMetallurgy
=650  \0$aLead sulfide
=710  10$aUnited States.$bBureau of Mines
=710  20$aGeneric Mineral Technology Center for Pyrometallurgy (U.S.)
=830  \0$aOpen file report (United States. Bureau of Mines)$v91-5.
=999  \\$a1021603

