=LDR  00850nam  2200265   4500
=001  001022797
=003  BIBL
=005  19980827000600.0
=008  771202s1941\\\\nyu\\\\\\b\\\\001\0\eng\\
=010  \\$a41013906
=035  9\$a1022797
=035  \\$a(OCoLC)03461927
=040  \\$aDLC$cFQG$dFQG$dIWA
=049  \\$aIWAA
=050  \\$aHD181$bD92g
=100  00$aDunham, Harold Hathaway,$d1903-
=245  10$aGovernment handout;$ba study in the administration of the public lands, 1875-1891$c[by] Harold Hathaway Dunham.
=260  \\$aNew York$b[Ann Arbor, Mich., Edwards brothers, inc., lithoprinters]$c1941.
=300  \\$avii, 364 p., 1 l.$c23 cm.
=500  \\$aThesis--Columbia university.
=500  \\$aVita.
=504  \\$aBibliography: p. 345-351.
=610  10$aUnited States.$bGeneral Land Office
=650  \0$aPublic lands$zUnited States
=999  \\$a1022797

