=LDR  01557nam  2200313   4500
=001  001025967
=003  BIBL
=005  19980827022000.0
=008  780202s1943\\\\vauabf\\\\\\\\000\0\eng\c
=010  \\$aa 43002462
=035  9\$a1025967
=035  \\$a(OCoLC)03597072
=040  \\$aMichigan. Univ. Library$cAKU$dOCL$dIWA
=049  \\$aIWAA
=090  \\$aQL696.G2$bM85w
=100  1\$aMosby, Henry Sackett,$d1913-
=245  14$aThe wild turkey in Virginia:$bits status, life history and management,$cby Henry S. Mosby and Charles O. Handley. With illustrations by the senior author and others, including two full-color plates and four sketches by Fred Everett.
=260  \\$aRichmond, Va.,$bPittman-Robertson projects, Division of game, Commission of game and inland fisheries,$c1943.
=300  \\$axx, 281 p. incl. illus., tables, diagrs.$b2 col. pl. (incl. front.) maps (1 fold.)$c24 cm.
=500  \\$aThesis note on p. ix, also stamped on t.-p.
=500  \\$a"This publication is a contribution of the Virginia Commission of game and inland fisheries (Pittman-Robertson projects, Division of game) and the Virginia cooperative wildlife research unit, cooperating."--p. iv.
=502  \\$aThesis (PH. D.) - University of Michigan, 1941.
=504  \\$a"Literature cited" : p. 253-260.
=650  \0$aWild turkey
=650  \0$aGame and game-birds$zVirginia.
=700  10$aHandley, Charles Overton,$d1897-$ejoint author.
=710  20$aVirginia Commission of Game and Inland Fisheries.
=710  20$aVirginia Cooperative Wildlife Research Unit.
=999  \\$a1025967

