=LDR  01087nam  2200289 a 4500
=001  001028999
=003  BIBL
=005  19980827043000.0
=008  950327s1994\\\\sw\a\\\\\b\\\\000\0\eng\d
=020  \\$a9157649103
=035  9\$a1028999
=035  \\$a(OCoLC)32207811
=040  \\$aIWA$cIWA
=049  \\$aIWAA
=090  \\$aQR82.E6$bF54x, 1994
=100  1\$aFlego, Diana.
=245  10$aVirulence in Erwinia carotovora subsp. carotovora :$bgene regulation and bacterial cooperation /$cDiana Flego.
=260  \\$aUppsala, Sweden :$bSwedish University of Agricultural Sciences, Dept. of Molecular Genetics, Uppsala Genetic Center,$c1994.
=300  \\$a1 v. (various pagings) :$bill. ;$c24 cm.
=500  \\$aThesis statement in Swedish and English abstract inserted.
=500  \\$aThesis based on 6 previously prepared or published papers reprinted here.
=500  \\$a"Dissertation."
=504  \\$aIncludes bibliographical references.
=650  \0$aErwinia carotovora$xGenetics.
=650  \0$aPhytopathogenic bacteria$xMolecular aspects
=650  \0$aVirulence (Microbiology)
=999  \\$a1028999

