=LDR  01058nam  2200289 a 4500
=001  001029001
=003  BIBL
=005  19980827043000.0
=008  950327s1994\\\\sw\a\\\\\b\\\\000\0\eng\d
=020  \\$a9157648697
=035  9\$a1029001
=035  \\$a(OCoLC)32207801
=040  \\$aIWA$cIWA
=049  \\$aIWAA
=090  \\$aQK495.B56$bG87x 1994
=100  1\$aGussarsson, Monika.
=245  10$aCadmium-induced changes in nutrient composition and growth of birch (Betula pendula) /$cby Monika Gussarsson.
=260  \\$aAlnarp, Sweden :$bSwedish University of Agricultural Sciences, Dept. of Horticulture, Division of Root- and Substrate Research,$c1994.
=300  \\$a1 v. (various pagings) :$bill. ;$c25 cm.
=500  \\$a"Academic dissertation."
=500  \\$aThesis based on 6 previously prepared or published papers reprinted here.
=500  \\$aIncludes bibliographical references.
=650  \0$aPlants$xEffect of cadmium on.
=650  \0$aCadmium$xPhysiological effect.
=650  \0$aCadmium$xToxicity.
=650  \0$aSoils$xCadmium content
=999  \\$a1029001

