=LDR  01491nam  2200337 a 4500
=001  001029003
=003  BIBL
=005  19980827043000.0
=008  950301s1994\\\\sw\a\\\\\b\\\\000\0\eng\d
=020  \\$a915764893X
=035  9\$a1029003
=035  \\$a(OCoLC)32067313
=040  \\$aIWA$cIWA
=049  \\$aIWAA
=090  \\$aSF201$bH35x, 1994
=100  1\$aHaile-Mariam, Mekonnen.
=245  10$aGenetic analysis of Boran, Friesian and crossbred cattle in Ethiopia /$cMekonnen Haile-Mariam.
=260  \\$aUppsala :$bSwedish University of Agricultural Sciences, Dept. of Animal Breeding and Genetics,$c1994.
=300  \\$a1 v. (various pagings) :$bill. ;$c24 cm.
=490  1\$aRapport / Institutionen för husdjursförädling och sjukdomsgenetik,$x0347-9706 ;$v113 = Publication / Swedish University of Agricultural Sciences, Dept. of Animal Breeding and Genetics ;$vno. 113
=500  \\$a"Dissertation"--Cover.
=500  \\$aThesis based on 6 previously prepared or published papers reprinted here.
=500  \\$aThesis statement in Swedish and English abstract inserted.
=500  \\$a"ISRN SLU-HFS-R--113--SE."
=504  \\$aIncludes bibliographical references.
=650  \0$aCattle$zEthiopia$xGenetics.
=650  \0$aCattle$zEthiopia$xBreeding.
=650  \0$aBoran cattle$zEthiopia$xGenetics.
=650  \0$aFriesian cattle$zEthiopia$xGenetics.
=830  \0$aRapport (Sveriges lantbruksuniversitet. Institutionen för husdjursförädling och sjukdomsgenetik)$vno. 113.
=999  \\$a1029003

