=LDR  01534nam  2200325 a 4500
=001  001029005
=003  BIBL
=005  19991025134100.0
=008  950301s1994\\\\sw\a\\\\\b\\\\000\0\eng\d
=020  \\$a9157649065
=035  9\$a1029005
=035  \\$a(OCoLC)32067338
=040  \\$aIWA$cIWA
=049  \\$aIWAA
=090  \\$aSF757.5$bH65x, 1994
=100  00$aHolst, Henrik .
=245  10$aOn the effects induced by ingested and inhaled endotoxin in the pig /$cHenrik Holst.
=260  \\$aUppsala, Sweden :$bDept. of Clinical Chemistry, Swedish University of Agricultural Sciences,$c1994.
=300  \\$a1 v. (various pagings) :$bill. ;$c24 cm.
=490  1\$aRapport / Institutionen för klinisk kemi,$x0348-8659 ;$v11 = Report / Swedish University of Agricultural Sciences, Dept. of Clinical Chemistry, Faculty of Veterinary Medicine ;$v11
=500  \\$aAt head of title: From the Department of Clinical Chemistry and the Department of Obstetrics and Gynaecology, Faculty of Veterinary Medicine, Swedish University of Agricultural Sciences, Uppsala, Sweden.
=500  \\$a"Dissertation."
=500  \\$aThesis based on 5 previously prepared or published papers reprinted here.
=500  \\$aThesis statement in Swedish and English abstract inserted.
=650  \0$aVeterinary toxicology
=650  \0$aEndotoxins$xPhysiological effect.
=650  \0$aSwine$xDiseases$xNutritional aspects.
=650  \0$aSwine$xFeeding and feeds
=830  \0$aRapport (Sveriges lantbruksuniversitet. Institutionen főr Klinisk kemi)$v11.
=999  \\$a1029005

