=LDR  00923nam  2200289   4500
=001  001032418
=003  BIBL
=005  19980827065700.0
=008  850117s1935\\\\sw\a\\\\\b\\\\000\0\ger\\
=010  \\$a36001950
=035  9\$a1032418
=035  \\$a(OCoLC)11592961
=040  \\$aDLC$cRCE$dIWA
=049  \\$aIWAA
=090  \\$aTA462$bB751u
=100  1\$aBrennert, Sven,$d1904-
=245  10$aÜber die Korrosion von Zinn und verzinnten Materialen unter Bildung schwarzer Flecken,$cvon Sven Brennert.
=260  \\$aStockholm,$bTryckeriaktiebolaget Svea,$c1935.
=300  \\$a107 p.$billus., diagrs.$c23 cm.
=500  \\$aThesis note on cover.
=500  \\$aStamped on cover: K.T.H. Avh. 18.
=502  \\$aAvhandling--Kungl. tekniska högskolan.
=502  \\$aThesis--Tekniska högskolan, Stockholm.
=504  \\$a"Literaturverzeichnis": p. 106-107.
=650  \0$aCorrosion and anti-corrosives
=650  \0$aTin
=999  \\$a1032418

