=LDR  00798nam  2200265   4500
=001  001033255
=003  BIBL
=005  19980827073600.0
=008  781130s1958\\\\caubj\\\\b\\\\000\0\eng\d
=035  9\$a1033255
=035  \\$a(OCoLC)04408795
=040  \\$aAZU$cAZU$dIWA
=049  \\$aIWAA
=090  \\$aHD1775.S8$bH367e
=100  10$aHelfinstine, Rex D.
=245  13$aAn economic comparison of dryland farming and potential irrigation farming in central South Dakota.
=260  \\$a[Berkeley, Calif.,$c1958]
=300  \\$a341 l.$btables, map.$c28 cm.
=500  \\$aThesis (Ph. D.) - University of California.
=500  \\$aVita.
=504  \\$aBibliography: p. 259-264.
=650  \0$aDry farming
=650  \0$aIrrigation farming
=650  \0$aAgriculture$xEconomic aspects$zSouth Dakota.
=999  \\$a1033255

