=LDR  00932nam  2200265   4500
=001  001034172
=003  BIBL
=005  19980827082100.0
=008  860206s1932\\\\sw\af\\\\b\\\\000\0\eng\d
=035  9\$a1034172
=035  \\$a(OCoLC)13111688
=040  \\$aRCE$cRCE$dOCL$dIWA
=049  \\$aIWAA
=090  \\$aTC489$bL645t
=100  1\$aLindqvist, Ragnar Henrik.
=245  12$aA treatise on reliable predictions of water conditions; the value thereof with regard to hydraulic engineering enterprises and the possibilities of obtaining reliability ...
=260  \\$aStockholm,$bCentraltryckeriet,$c1932.
=300  \\$a184 p.$billus., tables, diagrs. fold. pl.$c24 cm.
=500  \\$aStamped on cover: K.T.H. Avh. 9
=500  \\$aThesis note on cover.
=502  \\$aAvhandling-Kungl. Tekniska hogskolan, Stockholm.
=504  \\$aBibliography: p. 182-184.
=650  \0$aWater-power$zSweden.
=650  \0$aHydraulic engineering
=999  \\$a1034172

