=LDR  01469nam  2200325 a 4500
=001  001034543
=003  BIBL
=005  19991025133000.0
=008  950327s1994\\\\sw\a\\\\\b\\\\000\0\eng\d
=035  9\$a1034543
=035  \\$a(OCoLC)32207841
=040  \\$aIWA$cIWA
=049  \\$aIWAA
=090  \\$aSF206$bH47x, 1994
=100  1\$aHerlin, Anders H.
=245  10$aEffects of tie-stalls or cubicles on dairy cows in grazing or zero-grazing situations :$bstudies on behaviour, locomotion, hygiene, health and performance /$cAnders H. Herlin.
=260  \\$aUppsala, Sweden :$bDept. of Animal Nutrition and Management, Swedish University of Agricultural Sciences,$c1994.
=300  \\$a1 v. (various pagings) :$bill. ;$c25 cm.
=490  1\$aRapport / Institutionen för husdjurens utfodring och vård,$x0347-9838 ;$v228 = Report / Swedish University of Agricultural Sciences, Department of Animal Nutrition and Management ;$v228
=500  \\$aThesis statement in Swedish and English abstract inserted.
=500  \\$aBased on 6 previously prepared or published papers reprinted here.
=500  \\$a"Dissertation."
=500  \\$a"ISRN SLU-HUV-R--228-SE."
=504  \\$aIncludes bibliographical references.
=650  \0$aDairy barns
=650  \0$aDairy cattle$xBehavior.
=650  \0$aDairy cattle$xHealth.
=650  \0$aDairy cattle$xLocomotion.
=830  \0$aRapport (Sveriges lantbruksuniversitet. Institutionen főr husdjurens utfodring och vård)$v228.
=999  \\$a1034543

