=LDR  01138nam  2200301 a 4500
=001  001034575
=003  BIBL
=005  19980827084200.0
=008  950327s1994\\\\sw\a\\\\\b\\\\000\0\eng\d
=020  \\$a9157649200
=035  9\$a1034575
=035  \\$a(OCoLC)32207816
=040  \\$aIWA$cIWA
=049  \\$aIWAA
=090  \\$aSD538$bB67x, 1994
=100  1\$aBorgå, Peter.
=245  10$aChemical and microbial interactions in environmental degradation processes :$bimplications on water storage of timber and decomposition of peat /$cPeter Borgå.
=260  \\$aUppsala :$bSwedish University of Agricultural Sciences, Dept. of Chemistry,$c1994.
=300  \\$a1 v. (various pagings) :$bill. ;$c25 cm.
=500  \\$aThesis statement in Swedish and English abstract inserted.
=500  \\$aThesis based on 5 previously prepared or published papers reprinted here.
=500  \\$a"Dissertation."
=504  \\$aIncludes bibliographical references.
=650  \0$aLogging$xEnvironmental aspects.
=650  \0$aPulpwood industry$xEnvironmental aspects.
=650  \0$aPulpwood$xBiodegradation.
=650  \0$aEnvironmental degradation
=999  \\$a1034575

