=LDR  00913nam  2200289   4500
=001  001036359
=003  BIBL
=005  19980827101200.0
=008  730619s1969\\\\ii\\\\\\\b\\\\000\0\eng\\
=010  \\$a75913649 /SA/r88
=035  9\$a1036359
=035  \\$a(OCoLC)00667975
=040  \\$aDLC$cDLC$dIWA
=049  \\$aIWAA
=090  \\$aB132.V3$bR3x
=100  1\$aRamachandran, T. P.
=245  14$aThe concept of the vyāvahārika in Advaita Vedānta,$cby T. P. Ramachandran.
=260  \\$a[Madras]$bCentre of Advanced Study in Philosophy, University of Madras,$c1969.
=300  \\$axv, 192 p.$c25 cm.
=440  \0$aMadras University philosophical series$vno. 12
=500  \\$a"Thesis approved for the degree of Doctor of Philosophy in the University of Madras in 1962."
=504  \\$aBibliography: [190]-192.
=650  \0$aAdvaita
=650  \0$aVedanta
=650  \0$aReality
=650  \0$aEmpiricism
=999  \\$a1036359

