=LDR  01157nam  2200301 a 4500
=001  001037220
=003  BIBL
=005  20050309142900.0
=008  971107s1997\\\\ne\a\\\\\b\\\\000\0\eng\d
=020  \\$a9157654085
=035  9\$a1037220
=035  \\$a(OCoLC)37904730
=040  \\$aIWA$cIWA
=090  \\$aSF991 F88x 1997
=100  00$aFrendin, Jan.
=245  10$aChronic suppurative and pyogranulomatous disease ("Stövarsjuka") in hunting dogs : b pathogenesis, diagnostics and treatment /$cJan Frendin.
=260  \\$aUppsala, Sweden :$bSwedish University of Agricultural Sciences,$c1997.
=300  \\$a1 v. (various pagings) :$bill. ;$c24 cm.
=440  \0$aActa Universitatis Agriculturae Sueciae.$pVeterinaria$v19
=500  \\$aThesis statement in Swedish and English abstract inserted.
=500  \\$aBased on 4 previously prepared or published papers reprinted here.
=500  \\$aIncludes bibliographical references.
=502  \\$aThesis (doctoral)--Sveriges lantbruksuniversitet, 1997.
=650  \0$aDogs$xDiseases
=650  \0$aInflammation$xPathogenesis.
=650  \0$aInflammation$xDiagnosis.
=650  \0$aInflammation$xTreatment.
=999  \\$a1037220

