=LDR  01304nam  2200337 a 4500
=001  001037226
=003  BIBL
=005  19980827105800.0
=008  971106s1997\\\\sw\a\\\\\b\\\\000\0\eng\d
=020  \\$a9157652791
=035  9\$a1037226
=035  \\$a(OCoLC)37896992
=040  \\$aFUG$cFUG$dAGL$dIWA
=043  \\$ae-sw---
=049  \\$aIWAA
=070  0\$aS419.A28$bno.59
=072  \0$aL300
=090  \\$aQL596.C2$bB66x 1997
=100  1\$aBommarco, Riccardo.
=245  10$aFeeding, reproduction and dispersal of a generalist predator, Pterostichus Cupreus L. (Coleoptera, carabidae) related to agricultural landscape composition /$cRiccardo Bommarco.
=260  \\$aUppsala, [Sweden] :$bSwedish University of Agricultural Sciences,$c1997.
=300  \\$a1 v. (various pagings) :$bill. ;$c24 cm.
=490  1\$aActa Universitatis Agriculturae Sueciae. Agraria ;$vno. 59
=500  \\$aThesis statement in Swedish and English abstract inserted.
=502  \\$aThesis (Ph. D.)--Sveriges lantbruksuniversitet, 1997.
=504  \\$aIncludes bibliographical references.
=650  \0$aPterostichus$zSweden.
=650  \0$aBeetles$xBehavior$zSweden.
=650  \0$aInsects$zSweden$xGeographical distribution$xSimulation methods.
=830  \0$aActa Universitatis Agriculturae Sueciae.$pAgraria$v59.
=999  \\$a1037226

