=LDR  01044nam  2200289 a 4500
=001  001037236
=003  BIBL
=005  19980827105800.0
=008  971106s1997\\\\sw\a\\\\\b\\\\000\0\eng\d
=020  \\$a915765283X
=035  9\$a1037236
=035  \\$a(OCoLC)37897006
=040  \\$aFUG$cFUG$dIWA
=049  \\$aIWAA
=090  \\$aQK495.G74$bS85x 1997
=100  1\$aSvitashev, Sergei.
=245  10$aAnalysis of Triticeae genomes using DNA markers /$cSergei Svitashev.
=260  \\$aSvalöv, [Sweden] :$bSwedish University of Agricultural Sciences,$c1997.
=300  \\$a1 v. (various pagings) :$bill. ;$c24 cm.
=490  1\$aActa Universitatis agriculturae Sueciae. Agraria,$x1401-6249 ;$vno. 61
=500  \\$aThesis statement in Swedish and English abstract inserted.
=502  \\$aThesis (Ph. D.)--Sveriges lantbruksuniversitet, 1997.
=504  \\$aIncludes bibliographical references.
=650  \0$aGrasses$xMolecular genetics.
=650  \0$aGrasses$xAnalysis.
=830  \0$aActa Universitatis Agriculturae Sueciae.$pAgraria$v61.
=999  \\$a1037236

