=LDR  01008cam  2200289 a 4500
=001  001037579
=003  BIBL
=005  19990120053000.0
=008  950321s1995\\\\sw\a\\\\\b\\\\000\0\eng\d
=020  \\$a9157649243
=035  9\$a1037579
=035  \\$a(OCoLC)32178530
=040  \\$aIWA$cIWA
=049  \\$aIWAA$bPARKS
=090  \\$aQL527.A64$bS26x 1995
=100  1\$aSandström, Jonas.
=245  10$aHost adaptation in the pea aphid, temporal changes and nutrition /$cJonas Sandström.
=260  \\$aUppsala, Sweden :$bDept. of Entomology, Swedish University of Agricultural Sciences,$c1995.
=300  \\$a1 v. (various pagings) :$bill. ;$c24 cm.
=500  \\$aThesis statement in Swedish and English abstract inserted.
=500  \\$aThesis based on 4 previously prepared or published papers reprinted here.
=500  \\$a"Dissertation."
=504  \\$aIncludes bibliographical references.
=650  \0$aPea aphid$xAdaption.
=650  \0$aPea aphid$xHost plants.
=650  \0$aPlants$xAdaptation
=999  \\$a1037579

