=LDR  01038nam  2200301 a 4500
=001  001037759
=003  BIBL
=005  19980827112700.0
=008  950321s1994\\\\sw\a\\\\\b\\\\000\0\eng\d
=020  \\$a9157648948
=035  9\$a1037759
=035  \\$a(OCoLC)32178563
=040  \\$aIWA$cIWA
=049  \\$aIWAV
=090  \\$aSF891$bE34x, 1994
=100  1\$aEkesten, Björn.
=245  10$aPrimary glaucoma in the Samoyed dog /$cby Björn Ekesten.
=260  \\$aUppsala, Sweden :$bSwedish University of Agricultural Sciences, Dept. of Medicine and Surgery,$c1994.
=300  \\$a1 v. (various pagings) :$bill. ;$c24 cm.
=500  \\$aThesis statement in Swedish and English abstract inserted.
=500  \\$aThesis based on 4 previously prepared or published papers reprinted here.
=500  \\$a"Dissertation."
=504  \\$aIncludes bibliographical references.
=650  \0$aVeterinary ophthalmology
=650  \0$aGlaucoma$xEtiology.
=650  \0$aSamoyed dog$xDiseases.
=650  \0$aSamoyed dog$xDiseases$xGenetic aspects.
=999  \\$a1037759

