=LDR  00838nam  2200241   4500
=001  001039577
=003  BIBL
=005  19980827132100.0
=008  741230s1925\\\\xx\\\\\\\\\\\\000\0\eng\d
=035  9\$a1039577
=035  \\$a(OCoLC)01124859
=040  \\$aBNG$cBNG$dOCL$dIWA
=049  \\$aIWAA
=090  \\$aHC435$b.P644e
=100  20$aPadmanabha Pillai, P.$q(Purushottama)
=245  10$aEconomic conditions in India,$cby P. Padmanabha Pillai. With an introductory note by Gilbert Slater.
=260  \\$aLondon,$bG. Routledge,$c1925.
=300  \\$axviii, 330 p.$c23 cm.
=440  \0$aStudies in economics and political science.$vno.78.
=500  \\$a"Thesis approved for the degree of doctor of philosophy in the Faculty of economics, University of London."
=650  \0$aIndustries$zIndia.
=651  \0$aIndia$xEconomic conditions
=999  \\$a1039577

