=LDR  00893nam  2200241   4500
=001  001040563
=003  BIBL
=005  19980827142100.0
=008  741227s1937\\\\xx\\\\\\\\\\\\000\0\eng\u
=010  \\$a37012546
=035  9\$a1040563
=035  \\$a(OCoLC)01124381
=040  \\$cOSU$dIWA
=049  \\$aIWAA
=090  \\$aH62$bR675d
=100  1\$aRoorbach, Agnew Ogilvie,$d1892-
=245  14$aThe development of the social studies in American secondary education before 1861...$c[by] Agnew O. Roorbach.
=260  \\$aPhiladelphia,$c1937.
=300  \\$a300 p.$bplates, facsims., diagrs.$c23 cm.
=500  \\$aThesis (PH.D) -- University of Pennsylvania, 1936.
=500  \\$a"A list of history [geography, civics, political economy] textbooks used or published in this country before 1861": p. 246-281; Bibliography: p. 282-296.
=650  \0$aSocial sciences$xStudy and teaching$xHistory.
=999  \\$a1040563

