=LDR  00876nam  2200253   4500
=001  001040986
=003  BIBL
=005  19980827144800.0
=008  750702s1923\\\\xx\\\\\\\\\\\\000\0\eng\u
=010  \\$a23015496
=035  9\$a1040986
=035  \\$a(OCoLC)01425912
=040  \\$cCIN$dOCL$dIWA
=049  \\$aIWAA
=090  \\$aDA358$bEs76c
=100  1\$aCadwallader, Laura H.$q(Laura Hanes),$d1870-1932.
=245  14$aThe career of the Earl of Essex from the islands voyage in 1597 to his execution in 1610$c[by] Laura Hanes Cadwallader.
=260  \\$aPhiladelphia,$bUniversity of Pennsylvania,$c1923.
=300  \\$a128 p.$bfold. maps.$c20 cm.
=500  \\$aThesis (Ph. D.)--University of Pennsylvania, 1923.
=504  \\$aBibliography: p. 109-121.
=600  10$aEssex, Robert Devereux,$cEarl of,$d1566-1601.
=651  \0$aGreat Britain$xHistory$yElizabeth, 1558-1603
=999  \\$a1040986

