=LDR  00823nam  2200253   4500
=001  001043945
=003  BIBL
=005  19980827174000.0
=008  770321s1952\\\\dcu\\\\\\b\\\\000\0\eng\c
=010  \\$aa 52006994 //r
=035  9\$a1043945
=035  \\$a(OCoLC)02820732
=040  \\$aCatholic Univ. of America. Library.$cSUC$dSUC$dIWA
=049  \\$aIWAA
=090  \\$aHX243$bM126f
=100  00$aMcCarran, Margaret Patricia,$cSister,$d1904-
=245  10$aFabianism in the political life of Britain, 1919-1931.
=260  \\$aWashington,$bCatholic University of America Press,$c1952.
=300  \\$axii, 612 p.$c23 cm.
=500  \\$aThesis--Catholic University of America.
=504  \\$aBibliography: p. 568-578.
=650  \0$aSocialism$zGreat Britain.
=651  \0$aGreat Britain$xPolitics and government$y1910-1936
=999  \\$a1043945

