=LDR  00782nam  2200265   4500
=001  001046775
=003  BIBL
=005  19980827195900.0
=008  930119s1948\\\\sw\a\\\\\b\\\\000\0\eng\\
=010  \\$a48004705
=035  9\$a1046775
=035  \\$a(OCoLC)27271981
=040  \\$aDLC$cCLU$dCLU$dIWA
=049  \\$aIWAA
=090  \\$aTC543$bR276o
=100  1\$aReinius, Erling Jakob Kristoffer,$d1908-
=245  10$aOn the stability of the upstream slope of earth dams.
=260  \\$a[Stockholm$bV. Petterson,$c1948]
=300  \\$a103, [1] p.$billus.$c24 cm.
=500  \\$aAvhandling--Tekniska högskolan, Stockholm.
=500  \\$aStamped on cover: K.T.H. Avh. (Thesis no. 51).
=500  \\$aThesis note on cover.
=504  \\$aBibliography: p. 102-[104]
=650  \0$aDams
=999  \\$a1046775

