=LDR  00966nam  2200289   4500
=001  001047405
=003  BIBL
=005  19980827203000.0
=008  781215s1938\\\\paua\\\\\\\\\\000\0\eng\\
=010  \\$a38024924
=035  9\$a1047405
=035  \\$a(OCoLC)04458091
=040  \\$aDLC$cLDL$dIWA
=049  \\$aIWAA
=090  \\$aTG445$bG464s
=100  00$aGlassman, Louis Harry,$d1908-
=245  12$aA Study of the torsional rigidity of two-track railroad bridges using a celluloid model with loading on one track only,$cby Louis H. Glassman.
=260  \\$aPhiladelphia, Pa.$c[1938]
=300  \\$a1 p. l., 60 p.$billus., diagrs.$c28 cm.
=500  \\$aThesis note on recto of first prelim. leaf.
=500  \\$aCover-title.
=500  \\$aPhotoprinted.
=502  \\$aThesis (SC. D. C. ENG.)--University of Pennsylvania, 1938.
=650  \0$aBridges$xTesting.
=650  \0$aStrains and stresses
=740  01$aTorsional rigidity of two-track railroad bridges.
=999  \\$a1047405

