=LDR  01579nam  22003497a 4500
=001  001048150
=003  BIBL
=005  20040403072600.0
=008  950313s1993\\\\cou\\\\\b\\\\f000\0\eng\d
=035  9\$a1048150
=035  \\$atmp94350706
=035  \\$a(OCoLC)32141049
=035  \\$a(GPO)95067760
=037  \\$aN 94-33037$bNASA
=040  \\$aGPO$cGPO$dDLC
=049  \\$aISU2
=074  \\$a0830-H-14 (MF)
=086  0\$aNAS 1.26:195881
=100  00$aStraube, Timothy Milton.
=245  12$aA large motion zero-gravity suspension system for experimental simulation of orbital construction and deploymemt$h[microform] /$cTimothy Milton Straube.
=246  3\$aLarge motion zero gravity suspension system for experimental simulation of orbital construction and deploymemt
=260  \\$aBoulder, CO :$bCenter for Space Construction, University of Colorado ;$a[Washington, D.C. :$bNational Aeronautics and Space Administration ;$aSpringfield, Va. :$bNational Technical Information Service, distributor,$c1993]
=300  \\$a1 v.
=440  \0$aNASA contractor report$vNASA CR-195881
=490  0\$aCSC report ;$v93-34
=500  \\$aThesis (M.S.)--University of Colorado, Boulder, 1993.
=500  \\$aDistributed to depository libraries in microfiche.
=500  \\$aShipping list no.: 94-0865-M.
=533  \\$aMicrofiche.$b[Washington, D.C. :$cNational Aeronautics and Space Administration,$d1994]$e1 microfiche.
=710  2\$aUniversity of Colorado, Boulder.$bCenter for Space Construction
=710  1\$aUnited States.$bNational Aeronautics and Space Administration
=999  \\$a1048150

