=LDR  00968cam  2200277 a 4500
=001  001051197
=003  BIBL
=005  19990209144100.0
=008  971204s1997\\\\sw\a\\\\\b\\\\000\0\eng\d
=020  \\$a915765297X
=035  9\$a1051197
=035  \\$a(OCoLC)38036425
=040  \\$aIWA$cIWA
=049  \\$aIWAA$bPARKS
=090  \\$aTD796.5$bG35x, 1997
=100  00$aGajdoš, Růžena.
=245  10$aProduct-oriented composting :$bfrom open to closed bioconversion systems /$cGajdoš, Růžena.
=260  \\$aAlnarp, Sweden :$bSwedish University of Agricultural Sciences,$c1997.
=300  \\$a1 v. (various pagings) :$bill. ;$c24 cm.
=440  \0$aActa Universitatis Agriculturae Sueciae.$pAgraria$v68
=500  \\$aThesis statement in Swedish and English abstract inserted.
=502  \\$aThesis (Ph. D.)--Sveriges lantbruksuniversitet, 1997.
=650  \0$aCompost
=650  \0$aRefuse and refuse disposal$xBiodegradation
=650  \0$aMaterials$xRecycling.
=999  \\$a1051197

