=LDR  01134cam  2200337 a 4500
=001  001051201
=003  BIBL
=005  19990209144100.0
=008  971210s1997\\\\se\a\\\\\b\\\\000\0\eng\d
=020  \\$a9157652953
=035  9\$a1051201
=035  \\$a(OCoLC)38065402
=040  \\$aFUG$cFUG$dAGL$dIWA
=049  \\$aIWAA$bPARKS
=070  0\$aS419.A28$bno.67
=072  \0$aL200
=090  \\$aQH447$bP75x, 1997
=100  1\$aPrimmer, Craig R.
=245  10$aGenetic studies of avian microsatellite loci /$cCraig R. Primmer.
=260  \\$aUppsala :$bSwedish University of Agricultural Sciences,$c1997.
=300  \\$a1 v. (various pagings) :$bill. (some col.) ;$c24 cm.
=440  \0$aActa Universitatis Agriculturae Sueciae.$pAgraria$v67
=500  \\$aThesis statement in Swedish and English abstract inserted.
=500  \\$aFolded leaf in back pocket.
=502  \\$aThesis (Ph. D.)--Swedish University of Agricultural Sciences, 1997.
=504  \\$aIncludes bibliographical references.
=650  \0$aSwallows$xGenetics.
=650  \0$aGenomes$xAnalysis.
=650  \0$aGene mapping
=650  \0$aChromosome polymorphism
=999  \\$a1051201

