=LDR  01187nam  2200325 a 4500
=001  001051215
=003  BIBL
=005  19990219085100.0
=008  971119s1997\\\\sw\a\\\\\b\\\\000\0\eng\d
=020  \\$a915765414X
=035  9\$a1051215
=035  \\$a(OCoLC)37967460
=040  \\$aIWA$cIWA
=049  \\$aIWAV
=090  \\$aSF768.2.H67$bJ64x 1997
=100  1\$aJohnston, Christopher.
=245  10$aOn the kinematics and kinetics of the distal limb in the Standardbred trotter /$cChristopher Johnston.
=260  \\$aUppsala :$bSwedish University of Agricultural Sciences,$c1997.
=300  \\$a1 v. (various pagings) :$bill. ;$c24 cm.
=440  \0$aActa Universitatis Agriculturae Sueciae.$pVeterinaria$v22
=500  \\$aThesis statement in Swedish and English abstract inserted.
=500  \\$aIncludes 6 previously prepared or published papers reprinted here.
=502  \\$aThesis (Ph. D.)--Sveriges lantbruksuniversitet, 1997.
=504  \\$aIncludes bibliographical references.
=650  \0$aHorses$xPaces, gaits, etc.
=650  \0$aHorses$xExercise$xPhysiological aspects.
=650  \0$aLeg$xMovements.
=650  \0$aAnimal locomotion
=650  \0$aAnimal mechanics
=999  \\$a1051215

