=LDR  01128cam  2200313 a 4500
=001  001051239
=003  BIBL
=005  19990219085100.0
=008  971121s1997\\\\sw\a\\\\\b\\\\000\0\eng\d
=020  \\$a9157654182
=035  9\$a1051239
=035  \\$a(OCoLC)37989207
=040  \\$aIWA$cIWA
=049  \\$aIWAV$bVET
=090  \\$aQP552.S65$bO88x 1997
=100  1\$aOtte, Kerstin.
=245  14$aThe equine IGF genes :$bstructural and transcriptional features /$cKerstin Otte.
=260  \\$aUppsala :$bSwedish University of Agricultural Sciences,$c1997.
=300  \\$a1 v. (various pagings) :$bill. (some col.) ;$c24 cm.
=440  \0$aActa Universitatis Agriculturae Sueciae.$pVeterinaria$v24
=500  \\$aThesis statement in Swedish and English abstract inserted.
=500  \\$aBased on 4 previously prepared or published papers reprinted here.
=502  \\$aThesis (doctoral)--Sveriges lantbruksuniversitet, 1997.
=504  \\$aIncludes bibliographical references.
=650  \0$aSomatomedin$xMolecular aspects.
=650  \0$aGene mapping
=650  \0$aNucleotide sequence
=650  \0$aHorses$xGenome mapping.
=999  \\$a1051239

