=LDR  01042nam  22003015a 4500
=001  001051253
=003  BIBL
=005  19990219085100.0
=008  971202s1997\\\\sw\a\\\\\b\\\\000\0\eng\d
=020  \\$a9157654220
=035  9\$a1051253
=035  \\$a(OCoLC)38023140
=040  \\$aAGL$cAGL$dIWA
=049  \\$aIWAV
=070  0\$aSF615.A28$bno.26
=072  \0$aL810
=090  \\$aQP535.N6$bT35x 1997
=100  1\$aTallkvist, Jonas.
=245  10$aNickel permeation pathways in the small intestine and olfactory system /$cJonas Tallkvist.
=260  \\$aUppsala :$bSwedish University of Agricultural Sciences,$c1997.
=300  \\$a1 v. (various pagings :$bill. (some col.) ;$c24 cm.
=440  \0$aActa Universitatis Agriculturae Sueciae.$pVeterinaria$v26
=500  \\$aThesis statement in Swedish and English abstract inserted.
=500  \\$aIncludes bibliographical references.
=502  \\$aThesis (doctoral)--Swedish University of Agricultural Sciences, 1997.
=650  \0$aNickel$xMetabolism.
=650  \0$aNickel in the body
=999  \\$a1051253

