=LDR  01114nam  2200301 a 4500
=001  001051265
=003  BIBL
=005  19980827233500.0
=008  971203s1997\\\\ne\a\\\\\b\\\\000\0\eng\d
=020  \\$a9157654204
=035  9\$a1051265
=035  \\$a(OCoLC)38030955
=040  \\$aIWA$cIWA
=049  \\$aIWAV
=090  \\$aSF997.5.M5$bE54x 1997
=100  1\$aEnglund, Lena.
=245  10$aInfluenza A virus, H10N4, naturally pathogenic for mink (Mustela vison) /$cLena Englund.
=260  \\$aUppsala, Sweden :$bSwedish University of Agricultural Sciences,$c1997.
=300  \\$a1 v. (various pagings) :$bill. ;$c24 cm.
=440  \0$aActa Universitatis Agriculturae Sueciae.$pVeterinaria$v25
=500  \\$aThesis statement in Swedish and English abstract inserted.
=500  \\$aBased on 4 previously prepared or published papers reprinted here.
=500  \\$aIncludes bibliographical references.
=502  \\$aThesis (doctoral)--Sveriges lantbruksuniversitet, 1997.
=650  \0$aMinks$xVirus diseases
=650  \0$aInfluenza viruses$xGenetic aspects.
=650  \0$aInfluenza viruses$xPathogenesis.
=999  \\$a1051265

