=LDR  01090cam  2200313 a 4500
=001  001051283
=003  BIBL
=005  19990219085100.0
=008  971203s1997\\\\sw\a\\\\\b\\\\000\0\eng\d
=020  \\$a9157654166
=035  9\$a1051283
=035  \\$a(OCoLC)38031026
=040  \\$aIWA$cIWA
=049  \\$aIWAV$bVET
=090  \\$aSF396.9$bM245x, 1997
=100  1\$aMarklund, Lena.
=245  10$aGenome analysis of quantitative trait loci in the pig /$cLena Marklund.
=260  \\$aUppsala :$bSwedish University of Agricultural Sciences,$c1997.
=300  \\$a1 v. (various pagings) :$bill. (one col.) ;$c24 cm.
=440  \0$aActa Universitatis Agriculturae Sueciae.$pVeterinaria$v23
=500  \\$aThesis statement in Swedish and English abstract inserted.
=500  \\$aBased on 5 previously prepared or published papers reprinted here.
=502  \\$aThesis (doctoral)--Sveriges lantbruksuniversitet, 1997.
=504  \\$aIncludes bibliographical references.
=650  \0$aSwine$xBreeding
=650  \0$aSwine$xGenome mapping.
=650  \0$aGene mapping
=650  \0$aGenomes
=999  \\$a1051283

