=LDR  01141nam  2200301 a 4500
=001  001051291
=003  BIBL
=005  19990219085100.0
=008  971204s1997\\\\sw\a\\\\\b\\\\000\0\eng\d
=020  \\$a9157654107
=035  9\$a1051291
=035  \\$a(OCoLC)38036355
=040  \\$aIWA$cIWA
=049  \\$aIWAV
=090  \\$aQR82.Z9$bE75x 1997
=100  1\$aEricsson, Henrik.
=245  10$aMethods based on molecular biology for characterisation and detection of Listeria monocytogenes /$cHenrik Ericsson.
=260  \\$aUppsala :$bSwedish University of Agricultural Sciences,$c1997.
=300  \\$a1 v. (various pagings) :$bill. ;$c24 cm.
=440  \0$aActa Universitatis Agriculturae Sueciae.$pVeterinaria$v20
=500  \\$aBased on 6 previously prepared or published papers reprinted here.
=500  \\$aThesis statement in Swedish and English abstract inserted.
=502  \\$aThesis (doctoral)--Sveriges lantbruksuniversitet, 1997.
=504  \\$aIncludes bibliographical references.
=650  \0$aListeria monocytogenes$xMolecular aspects.
=650  \0$aListeriosis in animals$xMolecular aspects.
=650  \0$aGene mapping
=999  \\$a1051291

