=LDR  00955nam  2200277   4500
=001  001051317
=003  BIBL
=005  19980827233700.0
=008  750707s1972\\\\xx\\\\\\\\\\\\000\0\eng\u
=035  9\$a1051317
=035  \\$a(OCoLC)01433238
=040  \\$cIRU$dOCL$dIWA
=049  \\$aIWAA
=090  \\$aTD225.S28$bY68x
=100  1\$aYoung, Donald Ray.
=245  14$aThe relationship of land use to water use in San Antonio, Texas /$cby Donald R. Young. --
=260  \\$aAustin, Tex.,$bCenter for Research in Water Resources, University of Texas at Austin,$c1972.
=300  \\$avi, 38 p.$billus.$c28 cm.
=490  1\$aCRWR ;$v84
=500  \\$a"EHE-72-2."
=500  \\$aThesis (M.S.)--University of Texas at Austin.
=504  \\$aBibliography: p. 37-38.
=650  \0$aRegional planning$zSan Antonio.
=651  \0$aSan Antonio (Tex.)$xWater supply.
=830  \0$aCRWR (University of Texas at Austin. Center for Research in Water Resources)$v84.
=999  \\$a1051317

