=LDR  01302nam  2200373 a 4500
=001  001052420
=003  BIBL
=005  19980828002600.0
=008  970321s1997\\\\nyu\\\\\\b\\\\001\0\eng\\
=010  \\$a97011578
=020  \\$a0312172362
=035  9\$a1052420
=035  \\$a(OCoLC)36648550
=040  \\$aDLC$cDLC$dC#P
=043  \\$an-us---
=049  \\$aIWAA
=050  00$aBR526$b.W33 1997
=082  00$a320.5/5/0973$221
=100  1\$aWatson, Justin,$d1957-
=245  14$aThe Christian Coalition :$bdreams of restoration, demands for recognition /$cJustin Watson.
=250  \\$a1st ed.
=260  \\$aNew York :$bSt. Martin's Press,$c1997.
=300  \\$a292 p. ;$c22 cm.
=500  \\$aThesis (doctoral)--Florida State University.
=504  \\$aIncludes bibliographical references (p. [253]-282) and index.
=610  20$aChristian Coalition.
=650  \0$aConservatism$xReligious aspects$xChristianity$xHistory of doctrines$y20th century.
=650  \0$aConservatism$zUnited States$xHistory$y20th century.
=650  \0$aEvangelicalism$xPolitical aspects$zUnited States.
=650  \0$aFundamentalism$xPolitical aspects$zUnited States.
=651  \0$aUnited States$xChurch history$y20th century
=651  \0$aUnited States$xPolitics and government$y1989-
=999  \\$a1052420
=940  \\$aPROMPTCAT

