=LDR  00816nam  2200277   4500
=001  001052829
=003  BIBL
=005  19980828004500.0
=008  751201s1950\\\\pau\\\\\\b\\\\000\0\eng\\
=010  \\$a50005944
=035  9\$a1052829
=035  \\$a(OCoLC)01866584
=040  \\$aDLC$cTNH$dOCL$dIWA
=049  \\$aIWAA
=082  \\$a368.3
=090  \\$aHG8830$bG861a
=100  1\$aGregg, Davis W.$q(Davis Weinert)
=245  13$aAn analysis of group life insurance.
=260  \\$aPhiladelphia,$bUniversity of Pennsylvania Press,$c1950.
=300  \\$axvii, 268 p.$c23 cm.
=490  0\$aThe S. S. Huebner Foundation for Insurance Education. Studies
=500  \\$aThesis-University of Pennsylvania.
=500  \\$aWithout thesis statement.
=504  \\$aBibliography: p. 251-258.
=650  \0$aGroup insurance
=999  \\$a1052829

