=LDR  01150nam  2200265   4500
=001  001055063
=003  BIBL
=005  19980828022600.0
=008  711029s1961\\\\pauabc\\\b\\\\000\0\eng\\
=010  \\$a60010607
=035  9\$a1055063
=035  \\$a(OCoLC)00167411
=040  \\$aDLC$cWSU$dSER$dOCL$dIWA
=049  \\$aIWAA
=090  \\$aH67$bP384n
=100  10$aGoldstein, Sidney,$d1927-
=245  14$aThe Norristown study;$ban experiment in interdisciplinary research training,$cby Sidney Goldstein, with a foreword by Thomas C. Cochran, and contributions by William L. Calderhead [and others]
=260  \\$aPhiladelphia,$bUniversity of Pennsylvania Press$c[1961]
=300  \\$axxi, 366 p.$billus., group ports., maps.$c22 cm.
=500  \\$a"Thesis, papers, and publications, completed or in preparation under the sponsorship of the Norristown seminar": p. 342-344. Bibliographical footnotes.
=610  20$aUniversity of Pennsylvania.$bInterdepartmental Seminar on Technological Change and Social Adjustment.
=650  \0$aSocial sciences$xResearch
=650  \0$aSocial change$xResearch.
=651  \0$aNorristown (Pa.)$xSocial conditions.
=999  \\$a1055063

