=LDR  00904nam  2200265   4500
=001  001056143
=003  BIBL
=005  19980828031500.0
=008  740308s1932\\\\pauc\\\\\b\\\\000\0beng\\
=010  \\$a33000011
=035  9\$a1056143
=035  \\$a(OCoLC)00824735
=040  \\$aDLC$cKSU$dSER$dIWA
=049  \\$aIWAA
=090  \\$aF229$bSp69d
=100  1\$aDodson, Leonidas.
=245  10$aAlexander Spotswood, Governor of Colonial Virginia, 1710-1722,$cby Leonidas Dodson ...
=260  \\$aPhiladelphia,$bUniversity of Pennsylvania Press;$aLondon,$bH. Milford, Oxford University Press,$c1932.
=300  \\$ax, 323 p.$bfront. (port.)$c24 cm.
=500  \\$aThesis note mounted on t.-p.
=502  \\$aThesis (PH. D.)--University of Iowa, 1927.
=504  \\$aBibliography: p. 310-315.
=600  10$aSpotswood, Alexander,$d1676-1740.
=651  \0$aVirginia$xHistory$yColonial period, ca. 1600-1775
=999  \\$a1056143

