=LDR  00994nam  2200265 i 4500
=001  001056314
=003  BIBL
=005  19980828032300.0
=008  791221s1936\\\\sz\a\\\\\\\\\\000\0\ger\d
=035  9\$a1056314
=035  \\$a(OCoLC)05820982
=040  \\$aTFW$cTFW$dIWA
=049  \\$aIWAA
=090  \\$aTG265$bH673t
=100  00$aHofacker, Karl.
=245  14$aDas Talsperrengewölbe :$ballgemeine Untersuchung des Kreisförmigen eingespannten Bogens nach der mathematischen Elastizitätstheorie /$cvon Dr. sc. techn. Karl Hofacker.
=260  \\$aZürich :$bA.G. Gebr. Leemann,$c1936.
=300  \\$a125 p. :$bill., diagrs. ;$c22 cm.
=490  0\$aMitteilungen aus dem Institut für Baustatik an der Eidg. technischen Hochschule in Zürich ;$vNr. 8
=500  \\$aThesis--Eidgenössische Technische Hochschule.
=504  \\$aBibliography: p. [124]-125.
=650  \0$aDams
=650  \0$aStrains and stresses
=710  0\$aEidgenössische Technische Hochschule.$bInstitut für Baustatik.
=999  \\$a1056314

