=LDR  01384nam  2200325 a 4500
=001  001060003
=003  BIBL
=005  19980828061200.0
=008  950414s1995\\\\sw\a\\\\\b\\\\000\0\eng\d
=020  \\$a9157649367
=035  9\$a1060003
=035  \\$a(OCoLC)32305880
=040  \\$aIWA$cIWA
=049  \\$aIWAA
=090  \\$aSF201.5$bS73x, 1995
=100  1\$aStålhammar, Eva-Marie.
=245  10$aProspects for selecting A.I. bulls for fertility /$cby Eva-Marie Stålhammar.
=260  \\$aUppsala :$bSwedish University of Agricultural Sciences, Dept. of Animal Breeding and Genetics,$c1995.
=300  \\$a1 v. (various pagings) :$bill. ;$c24 cm.
=490  1\$aRapport / Institutionen för husdjursförädling och sjukdomsgenetik,$x0347-9706 ;$v116 = Publication / Swedish University of Agricultural Sciences, Dept. of Animal Breeding and Genetics ;$v116
=500  \\$aAbstracts in English and Swedish.
=500  \\$aThesis statement in Swedish and English abstract inserted.
=500  \\$aBased on 4 previously prepared or published papers reprinted here.
=500  \\$a"Dissertation."
=500  \\$a"ISRN SLU-HFS-R--116--SE."
=504  \\$aIncludes bibliographical references.
=650  \0$aBulls$xBreeding.
=650  \0$aCattle$xFertility
=830  \0$aRapport (Sveriges lantbruksuniversitet. Institutionen för husdjursförädling och sjukdomsgenetik)$vno. 116.
=999  \\$a1060003

