=LDR  01188nam  2200301 a 4500
=001  001067371
=003  BIBL
=005  19980828130500.0
=008  950419s1995\\\\sw\a\\\\\b\\\\000\0\eng\d
=020  \\$a9157648816
=035  9\$a1067371
=035  \\$a(OCoLC)32333632
=040  \\$aIWA$cIWA
=049  \\$aIWAV
=090  \\$aSB951.4$bE75x, 1995
=100  1\$aEriksson, Catarina.
=245  10$aHerbicide-induced toxicity in the nasal olfactory mucosa :$bstudies on dichlobenil and chlorthiamid /$cby Catarina Eriksson.
=260  \\$aUppsala, Sweden :$bDept. of Pharmacology & Toxicology, Faculty of Veterinary Medicine, Swedish University of Agricultural Sciences,$c1995.
=300  \\$a1 v. (various pagings) :$bill. (some col.) ;$c24 cm.
=500  \\$aThesis statement in Swedish and English abstract inserted.
=500  \\$aBased on 7 previously prepared or published papers reprinted here.
=650  \0$aHerbicides$xToxicology
=650  \0$aDichlorbenil$xPhysiological effect.
=650  \0$aChlorthiamid$xPhysiological effect.
=650  \0$aDichlorbenil$xToxicity testing.
=650  \0$aChlorthiamid$xToxicity testing.
=650  \0$aOlfactory mucosa$xEffect of drugs on.
=999  \\$a1067371

