=LDR  00866nam  22002655a 4500
=001  001067385
=003  BIBL
=005  19980828130500.0
=008  950420s1994\\\\sw\\\\\\\b\\\\000\0\eng\d
=035  9\$a1067385
=035  \\$a(OCoLC)32340504
=040  \\$aAGL$cAGL$dIWA
=049  \\$aIWAV
=070  0\$aDISS$bF1994162
=072  \0$aL833
=090  \\$aSF967.M78$bN57x 1994
=100  1\$aNiskanen, Rauni.
=245  10$aBovine virus diarrhoea virus infections in dairy cattle:$bwith emphasis on diagnosis, epidemiology and control /$cRauni Niskanen.
=260  \\$aUppsala :$bSveriges lantbruksuniversitet,$c1995.
=300  \\$a1 v. (various pagings) ;$c24 cm.
=500  \\$aThesis (doctoral)--Sveriges lantbruksuniversitet, 1994.
=504  \\$aIncludes bibliographical references.
=650  \0$aBovine viral diarrhea
=650  \0$aMucosal diseases in cattle
=999  \\$a1067385

