=LDR  00975nam  2200265   4500
=001  001069003
=003  BIBL
=005  19980828144100.0
=008  750718s1942\\\\ohu\\\\\\b\\\\000\0\eng\d
=035  9\$a1069003
=035  \\$a(OCoLC)01459460
=040  \\$aGYG$cGYG$dGMU$dNYP$dIWA
=049  \\$aIWAA
=090  \\$aE540.C5$bD9a
=100  1\$aDunham, Chester Forrester,$d1891-1959.
=245  14$aThe attitude of the Northern clergy toward the South, 1860-1865 /$cChester Forrester Dunham.
=260  \\$aToledo, Ohio :$bGray,$c1942.
=300  \\$axi, 258 p. ;$c24 cm.
=500  \\$aThesis--University of Chicago.
=500  \\$aChapter III, "The clergy and the southern way of life" has also been issued as part of the author's thesis, under the title of the complete work.
=504  \\$aBibliography: 241-253.
=650  \0$aClergy$zUnited States
=651  \0$aUnited States$xHistory$yCivil War, 1861-1865$xReligious aspects
=651  \0$aSouthern States$xCivilization
=999  \\$a1069003

