=LDR  00746nam  2200265   4500
=001  001071047
=003  BIBL
=005  20051110100100.0
=008  770725s1937\\\\xx\\\\\\\\\\\\000\0\eng\\
=010  \\$a38009378
=035  9\$a1071047
=035  \\$a(OCoLC)03138580
=040  \\$aDLC$cOCP$dIWA
=049  \\$aIWAA
=090  \\$aHC254.3$bD414s
=100  2\$aDenholm-Young, N.$q(Noël)
=245  10$aSeignorial administration in England,$cby N. Denholm-Young.
=260  \\$aLondon,$bOxford university press, H. Milford,$c1937.
=300  \\$a4 p. l., 196 p.$c23 cm.
=490  0\$aOxford historical series
=500  \\$aThesis - Oxford.
=504  \\$aBibliographical foot-notes.
=650  \0$aManors
=650  \0$aLocal government$zEngland.
=999  \\$a1071047

