=LDR  00882nam  2200289   4500
=001  001071388
=003  BIBL
=005  19980828172000.0
=008  950427s1959\\\\sw\\\\\\\\\\\\000\0\eng\d
=035  9\$a1071388
=035  \\$a(OCoLC)32373845
=040  \\$aNDD$cNDD$dIWA
=049  \\$aIWAA
=090  \\$aTK3226$bB638g
=100  1\$aBolinder, E. Folke.
=245  10$aGeometric-analytic study of impedance, power, and noise transformations.
=260  \\$aStockholm,$b[n.p.],$c1959.
=300  \\$a21 p.$c21 cm.
=500  \\$a(Stamped on cover: K.T.H.-Avh. (Thesis) No.140)
=500  \\$aConsists of 3 articles pub. in various periodicals.
=500  \\$aThesis t.p. tipped in.
=502  \\$aAvhandling--Tekniska Högskolan, Stockholm.
=504  \\$aBibliography: p. 16-21.
=650  \0$aElectric networks
=650  \0$aImpedance (Electricity)
=650  \0$aElectric noise
=999  \\$a1071388

