=LDR  00949nam  2200253   4500
=001  001075465
=003  BIBL
=005  20050512170000.0
=008  790206s1934\\\\pauch\\\\b\\\\000\0beng\c
=010  \\$a35000655
=035  9\$a1075465
=035  \\$a(OCoLC)04622698
=040  \\$aUniv. of Iowa Libr.$cCLE$dSER$dOCL$dIWA
=049  \\$aIWAA
=090  \\$aE415.9$bB561b
=100  1\$aBrigance, William Norwood,$d1896-
=245  10$aJeremiah Sullivan Black,$ba defender of the Constitution and the Ten commandments,$cby William Norwood Brigance ...
=260  \\$aPhiladelphia,$bUniversity of Pennsylvania Press;$aLondon,$bH. Milford, Oxford University Press,$c1934.
=300  \\$aix, [2], 303 p.$bfront., ports., facsims.$c24 cm.
=500  \\$aThesis note on label mounted on t.-p.
=502  \\$aThesis (Ph.D.)--University of Iowa, 1930.
=504  \\$aBibliography: p. 291-298.
=600  10$aBlack, Jeremiah S.$q(Jeremiah Sullivan),$d1810-1883.
=999  \\$a1075465

