=LDR  01201nam  2200289 a 4500
=001  001084481
=003  BIBL
=005  19991025134300.0
=008  950601s1995\\\\sw\a\\\\\b\\\\000\0\eng\d
=035  9\$a1084481
=035  \\$a(OCoLC)32582162
=040  \\$aIWA$cIWA
=049  \\$aIWAA
=090  \\$aSB189$bR44x, 1995
=100  00$aRegnér, Sigurd.
=245  10$aKernel mass related properties of cereal grains /$cSigurd Regnér.
=260  \\$aUppsala :$bSveriges lantbruksvuniversitet, Institutionen för lantbruksteknik,$c1995.
=300  \\$a1 v. (various pagings) :$bill. ;$c24 cm.
=490  1\$aRapport / Sveriges lantbruksuniversitet, Institutionen för lantbruksteknik,$x0283-0086 ;$v194 =$aReport / Swedish University of Agricultural Sciences, Department of Agricultural Engineering ;$v194
=500  \\$aThesis statement in Swedish and English abstract inserted.
=500  \\$aBased on 5 previously prepared or published papers reprinted here.
=500  \\$a"Dissertation."
=500  \\$a"ISRN SLU-LT-R--194--SE."
=504  \\$aIncludes bibliographical references.
=650  \0$aGrain
=830  \0$aRapport (Sveriges lantbruksuniversitet. Institutionen főr lantbruksteknik)$v194.
=999  \\$a1084481

