=LDR  01201cam  2200325ua 4500
=001  001084495
=003  BIBL
=005  19990921141600.0
=008  950828s1995\\\\sw\\\\\\\b\\\\000\0\swe\\
=010  \\$a95196417
=035  9\$a1084495
=035  \\$a(OCoLC)39467514
=040  \\$aDLC$cHLS$dIWA
=041  0\$aswe$beng
=043  \\$ae-sw---
=049  \\$aIWAA$bPARKS
=090  \\$aHD58.7$b.E75x 1995
=100  10$aEriksson, Carin B.
=245  10$aFöreställningar och värderingar i en organisation under förändring :$ben studie av identitetsuppfattningar inom konsumentkooperationen /$cCarin B. Eriksson.
=260  \\$a[Uppsala] :$bFöretagsekonomiska institutionen, Uppsala universitet,$c1995.
=300  \\$axviii, 206 p. ;$c25 cm.
=440  \0$aDoctoral thesis$vno. 58
=500  \\$aThesis (doctoral)--Uppsala University, Department of Business Studies, Uppsala, Sweden, 1995.
=500  \\$aThesis statement in Swedish and English abstract inserted.
=504  \\$aIncludes bibliographical references (p. 195-203).
=546  \\$aSummary in English.
=610  20$aKooperativa förbundet
=650  \0$aOrganizational change$zSweden.
=650  \0$aOrganizational behavior$zSweden.
=999  \\$a1084495

