=LDR  00781nam  2200265   4500
=001  001085526
=003  BIBL
=005  19980829025100.0
=008  741219s1898\\\\ilu\\\\\\b\\\\000\0\eng\d
=020  \\$a0404000460
=035  9\$a1085526
=035  \\$a(OCoLC)01116982
=040  \\$aIAU$cIAU$dNYP$dIWA
=043  \\$an-us-tn
=049  \\$aIWAA
=090  \\$aE531$bF418s
=100  1\$aFertig, James Walter.
=245  14$aThe secession and reconstruction of Tennessee.
=260  \\$aChicago,$bUniversity of Chicago Press,$c1898.
=300  \\$a108 p.$c24 cm.
=500  \\$aThesis (Ph.D)--University of Chicago.
=504  \\$aBibliography: p. [7]-8.
=650  \0$aReconstruction (U.S. history, 1865-1877)$zTennessee.
=651  \0$aTennessee$xPolitics and government$y1861-1865
=999  \\$a1085526

