=LDR  01011nam  2200289 a 4500
=001  001086360
=003  BIBL
=005  19980829032000.0
=008  950706s1995\\\\sw\a\\\\\b\\\\000\0\eng\d
=020  \\$a9157649537
=035  9\$a1086360
=035  \\$a(OCoLC)32770466
=040  \\$aNRC$cNRC$dIWA
=049  \\$aIWAA
=090  \\$aQP552.G59$bL86x 1995
=100  1\$aLundgren, Stefan.
=245  10$aIsolation, cloning and tissue distribution of a 500 kDa protein with Ca2+ sensing properties /$cby Stefan Lundgren.
=260  \\$aUppsala :$bSwedish University of Agricultural Sciences, Genetic Center, Dept. of Cell Research,$c1995.
=300  \\$a1 v. (various pagings) :$bill. ;$c24 cm.
=500  \\$aThesis statement/abstract sheet inserted.
=502  \\$aThesis (Ph.D.)--Sveriges lantbruksuniversitet, 1995.
=504  \\$aIncludes bibliographical references.
=650  \0$aGlycoproteins
=650  \0$aProtein engineering
=650  \0$aMolecular cloning
=710  2\$aSveriges lantbruksuniversitet.
=999  \\$a1086360

