=LDR  01404nam  2200337 a 4500
=001  001089598
=003  BIBL
=005  19991025134400.0
=008  950614s1995\\\\sw\a\\\\\b\\\\000\0\eng\d
=035  9\$a1089598
=035  \\$a(OCoLC)32648032
=040  \\$aIWA$cIWA
=049  \\$aIWAA
=090  \\$aQK327$bF39x, 1995
=100  1\$aFawaris, Bulgasem H.
=245  10$aBehaviour of 137Cs in boreal forest ecosystem of central Sweden / by Bulgasem H. Fawaris.
=260  \\$aUppsala :$bSveriges lantbruksuniversitet,$c1995.
=300  \\$a1 v. (various pagings) :$bill. ;$c24 cm.
=490  1\$aRapport / Institutionen för radioekologi,$x0280-7963 ;$vSLU-REK-77 = Report / Swedish University of Agricultural Sciences, Dept. of Radioecology ;$vSLU-RKE-77
=500  \\$aThesis statement in Swedish and English abstract inserted.
=500  \\$aBased on 5 previously prepared or published papers reprinted here.
=500  \\$a"Dissertation."
=500  \\$a"ISRN LU-REK-R--77--S."
=504  \\$aIncludes bibliographical references.
=650  \0$aForest plants$xEffect of radiation on$zSweden.
=650  \0$aSoils, Radioactive substances in
=650  \0$aRadioactive pollution of soils$zSweden.
=650  \0$aForest ecology$zSweden.
=650  \0$aChernobyl Nuclear Accident, Chornobylʹ, Ukraine, 1986
=830  \0$aRapport (Sveriges lantbruksuniversitet. Institutionen főr radioekologi)$v77.
=999  \\$a1089598

