=LDR  01138nam  2200313 a 4500
=001  001091908
=003  BIBL
=005  19990219085100.0
=008  980225s1997\\\\sw\a\\\\\b\\\\000\0\eng\d
=020  \\$a9157654247
=035  9\$a1091908
=035  \\$a(OCoLC)38506589
=040  \\$aIWA$cIWA
=049  \\$aIWAV
=090  \\$aSF396.3$bH85x, 1997
=100  1\$aHultén, Fredrik.
=245  10$aGroup-housing of lactating sows :$beffects on sow health, reproduction and litter performance /$cFredrik Hultén.
=246  3\$aGroup housing of lactating sows
=260  \\$aUppsala :$bSwedish University of Agricultural Sciences,$c1997.
=300  \\$a1 v. (various pagings) :$bill. ;$c24 cm.
=440  \0$aActa Universitatis Agriculturae Sueciae.$pVeterinaria$v27
=500  \\$aThesis statement in Swedish and English abstract inserted.
=500  \\$aIncludes 6 previously prepared or published papers reprinted here.
=502  \\$aThesis (Ph. D.)--Sveriges lantbruksuniversitet, 1997.
=504  \\$aIncludes bibliographical references.
=650  \0$aSwine$xHousing
=650  \0$aSows$xReproduction.
=650  \0$aSwine$xBreeding
=999  \\$a1091908

