=LDR  01088nam  2200301 a 4500
=001  001091914
=003  BIBL
=005  19990219085100.0
=008  980225s1997\\\\sw\a\\\\\b\\\\000\0\eng\d
=020  \\$a9157654263
=035  9\$a1091914
=035  \\$a(OCoLC)38506478
=040  \\$aIWA$cIWA
=049  \\$aIWAV
=090  \\$aQP261$bM38x, 1997
=100  1\$aMburu, Jane Njambi.
=245  10$aSperm distribution in the porcine oviduct in relation to spontaneous ovulation and stress /$cJane Njambi Mburu.
=260  \\$aUppsala :$bSwedish University of Agricultural Sciences,$c1997.
=300  \\$a1 v. (various pagings) :$bill. ;$c24 cm.
=440  \0$aActa Universitatis Agriculturae Sueciae.$pVeterinaria$v28
=500  \\$aThesis statement in Swedish and English abstract inserted.
=500  \\$aIncludes 4 previously prepared or published papers reprinted here.
=502  \\$aThesis (Ph. D.)--Sveriges lantbruksuniversitet, 1997.
=504  \\$aIncludes bibliographical references.
=650  \0$aOvulation
=650  \0$aSwine$xReproduction.
=650  \0$aSwine$xSpermatozoa.
=999  \\$a1091914

