=LDR  01121nam  2200313 a 4500
=001  001091938
=003  BIBL
=005  19990209144200.0
=008  980225s1997\\\\sw\a\\\\\b\\\\000\0\eng\d
=020  \\$a9157655189
=035  9\$a1091938
=035  \\$a(OCoLC)38506670
=040  \\$aIWA$cIWA
=049  \\$aIWAA
=090  \\$aQH447$bM37x, 1997
=100  1\$aMarklund, Stefan.
=245  10$aApplied molecular genetics in domestic animals with particular focus on the horse /$cStefan Marklund.
=260  \\$aUppsala :$bSwedish University of Agricultural Sciences,$c1997.
=300  \\$a1 v. (various pagings) :$bill. (2 col.) ;$c24 cm.
=440  \0$aActa Universitatis Agriculturae Sueciae.$pAgraria$v79
=500  \\$aThesis statement in Swedish and English abstract inserted.
=500  \\$aBased on 5 previously prepared or published papers reprinted here.
=502  \\$aThesis (Ph. D.)---Sveriges lantbruksuniversitet, 1997.
=504  \\$aIncludes bibliographical references.
=650  \0$aGenomes$xAnalysis.
=650  \0$aGene mapping
=650  \0$aChromosome polymorphism
=650  \0$aHorses$xGenetics.
=999  \\$a1091938

