=LDR  00978nam  2200265   4500
=001  001096771
=003  BIBL
=005  19980829091800.0
=008  780322s1923\\\\enka\\\\\b\\\\000\0\eng\\
=010  \\$a24001176
=035  9\$a1096771
=035  \\$a(OCoLC)03739558
=040  \\$aDLC$cZXC$dIWA
=049  \\$aIWAA
=090  \\$aHD3547$bOg1c
=100  1\$aOgata, Kiyoshi
=245  14$aThe co-operative movement in Japan,$cby Kiyoshi Ogata, with a preface by Sidney Webb.
=260  \\$aLondon,$bP. S. King,$c1923.
=300  \\$axv, 362 p.$bdiagrs.$c23 cm.
=490  0\$aStudies in economics and political science, no. 69 in the series of monographs by writers connected with the London School of Economics and Political Science
=500  \\$a"Thesis ... approved for the degree of doctor of philosophy in the University of London."--Pref.
=504  \\$aBibliography: p. 327-336.
=650  \0$aCooperation$zJapan.
=830  \0$aStudies in economics and political science.
=999  \\$a1096771

