=LDR  01147nam  2200277 a 4500
=001  001103340
=003  BIBL
=005  19980829130800.0
=008  950801s1995\\\\sw\a\\\\\b\\\\000\0\eng\d
=020  \\$a9157649812
=035  9\$a1103340
=035  \\$a(OCoLC)32902052
=040  \\$aIWA$cIWA
=049  \\$aIWAV
=090  \\$aSF967.L4$bK55x 1995
=100  1\$aKlintevall, Kristina.
=245  10$aBovine leukaemia virus :$bcourse of infection and means of detection/$cby Kristina Klintevall.
=260  \\$aUppsala :$bSveriges lantbruksuniversitet,$c1995.
=300  \\$a1 v. (various pagings) :$bill. ;$c24 cm.
=500  \\$aAt head of title: From the Department of Veterinary Microbiology, Section of Virology, Faculty of Veterinary Medicine, Swedish University of Agricultural Sciences and the National Veterinary Institute, Department of Virology, Uppsala, Sweden.
=500  \\$aThesis statement in Swedish and English abstract inserted.
=500  \\$a"Dissertation."
=500  \\$aBased on 5 previously prepared or published papers reprinted here.
=504  \\$aIncludes bibliographical references.
=650  \0$aBovine leukemia virus
=999  \\$a1103340

