=LDR  01210cam  2200289 a 4500
=001  001103341
=003  BIBL
=005  19990116041300.0
=008  950801s1995\\\\sw\a\\\\\b\\\\000\0\eng\d
=020  \\$a9157649561
=035  9\$a1103341
=035  \\$a(OCoLC)32902077
=040  \\$aIWA$cIWA
=049  \\$aIWAV$bVET
=090  \\$aSF768.2.H67$bR64x 1995
=100  1\$aRoethlisberger-Holm, Karin.
=245  10$aTranstracheal pressure recordings in the exercising horse /$cby Karin Roethlisberger-Holm.
=260  \\$aUppsala, Sweden :$bSwedish University of Agricultural Sciences, Dept. of Medicine and Surgery,$c1995.
=300  \\$a1 v. (various pagings) :$bill. ;$c24 cm.
=500  \\$aAt head of title: From the Department of Medicine and Surgery, Faculty of Veterinary Medicine, Swedish University of Agricultural Sciences, Uppsala, Sweden.
=500  \\$aThesis statement in Swedish and English abstract inserted.
=500  \\$aBased on 5 previously prepared or published papers reprinted here.
=504  \\$aIncludes bibliographical references.
=650  \0$aHorses$xRespiration$xMeasurement.
=650  \0$aHorses$xRespiration$xPhysiology.
=650  \0$aHorses$xExercise$xPhysiological aspects.
=999  \\$a1103341

