=LDR  01205nam  2200289 a 4500
=001  001103739
=003  BIBL
=005  19980829132200.0
=008  950801s1995\\\\sw\a\\\\\b\\\\000\0\eng\d
=020  \\$a9157649847
=035  9\$a1103739
=035  \\$a(OCoLC)32902033
=040  \\$aIWA$cIWA
=049  \\$aIWAA
=090  \\$aSB611$bR93x, 1995
=100  1\$aRydberg, N. Torbjörn.
=245  10$aWeed harrowing in growing cereals :$bsignificance of time of treatment, driving speed, harrowing direction and harrowing depth /$cN. Torbjörn Rydberg.
=260  \\$aUppsala, Sweden :$bDept. of Crop Production Science, Swedish University of Agricultural Sciences,$c1995.
=300  \\$a1 v. (various pagings) :$bill. ;$c24 cm.
=500  \\$aAt head of title: Sveriges lantbruksuniversitet, Institutionen för växtodlingslära, Swedish University of Agricultural Sciences, Department of Crop Production Science."
=500  \\$aThesis statement in Swedish and English abstract inserted.
=500  \\$aBased on 4 previously prepared or published papers reprinted here.
=500  \\$a"Dissertation."
=500  \\$aIncludes bibliographical references.
=650  \0$aWeeds$xControl
=650  \0$aTillage
=999  \\$a1103739

