=LDR  00936nam  2200289 a 4500
=001  001103745
=003  BIBL
=005  19980829132200.0
=008  950918s1995\\\\sw\a\\\\\b\\\\000\0\eng\d
=020  \\$a9157649634
=035  9\$a1103745
=035  \\$a(OCoLC)33144387
=040  \\$aNRC$cNRC$dIWA
=049  \\$aIWAA
=090  \\$aQK898.A4$bB47x 1995
=100  1\$aBergenstråhle, Annika.
=245  10$aGlycoalkaloid synthesis in potato tubers /$cAnnika Bergenstråhle.
=260  \\$aUppsala, Sweden :$bSveriges Lantbruksuniversitet,$c1995.
=300  \\$a1 v. (various pagings) :$bill. ;$c24 cm.
=500  \\$a"Dissertation, Uppsala 1995, Department of Plant Physiology."
=500  \\$aThesis statement in Swedish and English abstract inserted.
=504  \\$aIncludes bibliographical references.
=650  \0$aAlkaloids
=650  \0$aPotatoes$xAnalysis.
=650  \0$aSolanine$xSynthesis
=650  \0$aChaconine$xSynthesis.
=999  \\$a1103745

