=LDR  01574nam  2200373 a 4500
=001  001103761
=003  BIBL
=005  19980829132300.0
=008  950714s1995\\\\sw\a\\\\\b\\\\000\0\eng\d
=020  \\$a9157649774
=035  9\$a1103761
=035  \\$a(OCoLC)32815179
=040  \\$aNRC$cNRC$dIWA
=043  \\$ae-sw---
=049  \\$aIWAA
=090  \\$aSD390.3.S8$bO47x 1995
=100  1\$aOlsson, Bengt
=245  10$aSoil and vegetation changes after clear-felling coniferous forests :$beffects of varying removal of logging residues /$cBengt Olsson.
=260  \\$aUppsala :$bSwedish University of Agricultural Sciences, Dept. of Ecology and Environmental Research,$c1995.
=300  \\$a1 v. (various pagings) :$bill. ;$c24 cm.
=490  1\$aRapport / Institutionen för ekologi och miljövård ;$v80 =$aReport / Swedish University of Agricultural Sciences, Department of Ecology and Environmental Research,$x0348-422X ;$v80
=500  \\$aThesis statement in Swedish and English abstract inserted.
=500  \\$a"Dissertation."
=500  \\$aBased on 4 previously prepared or published papers reprinted here.
=500  \\$a"ISRN SLU-EKOMIL-R80--SE."
=502  \\$aThesis (Ph. D.)--Sveriges lantbruksuniversitet, 1995.
=504  \\$aIncludes bibliographical references.
=650  \0$aForest soils$xComposition.
=650  \0$aSlash (Logging)
=650  \0$aClearcutting
=650  \0$aConifers$xSoils$xSweden.
=650  \0$aPlant-soil relationships
=830  \0$aRapport (Sveriges lantbruksuniversitet. Institutionen för ekologi och miljövård)$v80.
=999  \\$a1103761

