=LDR  01583nam  2200349 a 4500
=001  001108337
=003  BIBL
=005  19980829163200.0
=008  950714s1995\\\\sw\a\\\\\b\\\\000\0\eng\d
=020  \\$a9157649790
=035  9\$a1108337
=035  \\$a(OCoLC)32815093
=040  \\$aNRC$cNRC$dIWA
=049  \\$aIWAA
=090  \\$aSB191.W5$bK38x 1995
=100  1\$aKätterer, Thomas.
=245  10$aNitrogen dynamics in soil and winter wheat subjected to daily fertilization and irrigation :$bmeasurements and simulations /$cThomas Kätterer.
=260  \\$aUppsala :$bSwedish University of Agricultural Sciences, Dept. of Ecology and Environmental Research,$c1995.
=300  \\$a1 v. (various pagings) :$bill. ;$c24 cm.
=490  1\$aRapport / Institutionen för ekologi och miljövård ;$v81 =$aReport / Swedish University of Agricultural Sciences, Department of Ecology and Environmental Research,$x0348-422X ;$v81
=500  \\$aThesis statement in Swedish and English abstract inserted.
=500  \\$aBased on 4 previously prepared or published papers reprinted here.
=500  \\$a"Dissertation."
=500  \\$a"ISRN SLU-EKOMIL-R-81--SE."
=502  \\$aThesis (doctoral)--Swedish University of Agricultural Sciences, 1995.
=504  \\$aIncludes bibliographical references.
=650  \0$aWinter wheat$xGrowth.
=650  \0$aSoils$xNitrogen content
=650  \0$aCrops and nitrogen$xMathematical models.
=650  \0$aCrops and water$xMathematical models.
=830  \0$aRapport (Sveriges lantbruksuniversitet. Institutionen för ekologi och miljövård)$v81.
=999  \\$a1108337

