=LDR  00866nam  2200277 i 4500
=001  001111535
=003  BIBL
=005  19980829183300.0
=008  760213s1965\\\\xx\\\\\\r\\\\\000\0\eng\d
=035  9\$a1111535
=035  \\$a(OCoLC)01988553
=040  \\$aDGU$cDGU$dOCL$dIWA
=049  \\$aIWAA
=090  \\$aHF3625$bN6x
=100  1\$aNoonan, Thomas S.$q(Thomas Schaub),$d1938-
=245  14$aThe Dnieper trade route in Kievan Russia, 900-1240 A.D. /$cby Thomas Schaub Noonan.
=260  \\$c1965.
=300  \\$a242 leaves.
=500  \\$aThesis--Indiana University, 1965.
=500  \\$aVita.
=504  \\$aBibliography: leaves 225-242.
=533  \\$aPhotocopy.$bAnn Arbor, Mich. :$cUniversity Microfilms,$d1970.$e22 cm.
=650  \0$aTrade routes
=651  \0$aSoviet Union$xCommerce$xHistory.
=651  \0$aSoviet Union$xHistory$yKievan period, 862-1237.
=999  \\$a1111535

