=LDR  00919cam  22002775a 4500
=001  001112911
=003  BIBL
=005  19990120074200.0
=008  980414s1998\\\\fi\\\\\\\\\\\\000\0\swe\d
=020  \\$a9529616937
=035  9\$a1112911
=035  \\$a(OCoLC)38946046
=040  \\$aNYP$cNYP$dIWA
=041  0\$aswe$heng
=049  \\$aIWAA$bPARKS
=090  \\$aHQ1665.5$bN47x, 1998
=100  1\$aNerdrum, Monica,$d1952-
=245  10$aSkärgårdskvinnor :$btradition, modernitet och diversitet /$cMonica Nerdrum.
=246  1\$iEnglish title:$aWomen of the archipelago : tradition, modernity, and diversity
=260  \\$aÅbo [Turku] :$bÅbo Akademis Förlag,$c1998.
=300  \\$a256 p. ;$c21 cm.
=500  \\$aThesis t.p. inserted.
=504  \\$aIncludes bibliographical references (p. 230-242).
=546  \\$aSwedish, with summary in English.
=650  \0$aWomen$zFinland$zTurun Saaristo$xSocial conditions.
=999  \\$a1112911

