=LDR  01443cam  2200313 a 4500
=001  001112921
=003  BIBL
=005  19990116041500.0
=008  950802s1995\\\\sw\a\\\\\b\\\\000\0\eng\d
=020  \\$a915764988X
=035  9\$a1112921
=035  \\$a(OCoLC)32906648
=040  \\$aIWA$cIWA
=049  \\$aIWAV$bVET
=090  \\$aSF768.2.C3$bD83x 1995
=100  1\$aDuchens, Mario.
=245  10$aInfluence of suprabasal progesterone on preovulatory follicle development in heifers :$bclinical, endocrinological and morphological studies /$cby Mario Duchens.
=246  18$aPreovulatory follicle development in heifers
=260  \\$aUppsala :$bDept. of Obstetrics and Gynaecology, Faculty of Veterinary Medicine, Swedish University of Agricultural Sciences,$c1995.
=300  \\$a1 v. (various pagings) :$bill. ;$c24 cm.
=500  \\$aAt head of title: From the Department of Obstetrics and Gynaecology and the Department of Clinical Chemistry, Faculty of Veterinary Medicine, Swedish University of Agricultural Sciences, Uppsala, Sweden.
=500  \\$aThesis statement in Swedish and English abstract inserted.
=500  \\$aBased on 6 previously prepared or published papers reprinted here.
=502  \\$aThesis (Ph. D.)--Sveriges lantbruksuniversitet, 1995.
=504  \\$aIncludes bibliographical references.
=650  \0$aCattle$xReproduction
=650  \0$aCattle$xFertility
=650  \0$aProgesterone$xPhysiological effect.
=999  \\$a1112921

