=LDR  01282nam  2200301 a 4500
=001  001112941
=003  BIBL
=005  19980829192100.0
=008  950801s1995\\\\sw\a\\\\\b\\\\000\0\eng\d
=020  \\$a915764991X
=035  9\$a1112941
=035  \\$a(OCoLC)32901998
=040  \\$aIWA$cIWA
=049  \\$aIWAV
=090  \\$aSF792$bH65x, 1995
=100  1\$aHolmdahl, Joakim.
=245  10$aIdentification and phylogenetic relationships of some cystforming coccidia of cattle and sheep, based on ribosomal RNA analysis /$cJoakim Holmdahl.
=260  \\$aUppsala :$bDept. of Parasitology, Swedish University of Agricultural Sciences and National Veterinary Institute,$c1995.
=300  \\$a1 v. (various pagings) :$bill. ;$c24 cm.
=500  \\$aAt head of title: From the Department of Cattle and Sheep Diseases, and the Department of Veterinary Microbiology, Section of Parasitology, Swedish University of Agricultural Sciences, Uppsala Sweden.
=500  \\$aThesis statement in Swedish and English abstract inserted.
=500  \\$aBased on 5 previously prepared or published papers reprinted here.
=504  \\$aIncludes bibliographical references.
=650  \0$aCoccidia
=650  \0$aCoccidia$xPhylogeny.
=650  \0$aCattle$xParasites
=650  \0$aSheep$xParasites
=999  \\$a1112941

