=LDR  01058cam  2200289 a 4500
=001  001115811
=003  BIBL
=005  19990116041600.0
=008  950801s1995\\\\sw\a\\\\\b\\\\000\0\eng\d
=020  \\$a9157650004
=035  9\$a1115811
=035  \\$a(OCoLC)32902015
=040  \\$aIWA$cIWA
=049  \\$aIWAV$bVET
=090  \\$aSF910.T8$bB76x 1995
=100  1\$aBroström, Hans.
=245  10$aEquine sarcoids :$ba clinical, epidemiological and immunological study /$cby Hans Broström.
=260  \\$aUppsala :$bDept. of Medicine & Surgery, Faculty of Veterinary Medicine, Swedish University of Agricultural Sciences ;$aStockholm :$bDept. of Immunology,$c1995.
=300  \\$a1 v. (various pagings) :$bill. ;$c24 cm.
=500  \\$aThesis statement in Swedish and English abstract inserted.
=500  \\$aBased on 5 previously prepared or published papers reprinted here.
=504  \\$aIncludes bibliographical references.
=650  \0$aTumors in animals
=650  \0$aVeterinary oncology
=650  \0$aSarcoidosis
=650  \0$aHorses$xDiseases
=999  \\$a1115811

