=LDR  01048nam  2200301 i 4500
=001  001115869
=003  BIBL
=005  19980829210500.0
=008  761228s1942\\\\dcu\\\\\\\\\\\000\0\eng\\
=010  \\$aa 42004557
=035  9\$a1115869
=035  \\$a(OCoLC)02650312
=040  \\$aDLC$cVVR$dIWA
=049  \\$aIWAA
=090  \\$aBD331$bH262m
=100  00$aHarvey, Rudolf John,$d1910- .
=245  13$aThe metaphysical relation between person and liberty,$band its application to historical liberalism and totalitarianism /$cRudolf John Harvey.
=260  \\$aWashington, D.C. :$bCatholic University of America Press ;$c1942.
=300  \\$axiii, 207 p. :$c23 cm.
=490  1\$aCatholic University of America. Philosophical Studies,$vvol. LXIV
=500  \\$aThesis (Ph.D.)--Catholic University of America, 1942.
=504  \\$aBibliography: p. 199-207.
=650  \0$aPersonality
=650  \0$aLiberty
=650  \0$aLiberalism
=650  \0$aTotalitarianism
=830  \0$aPhilosophical studies (Catholic University of America)$vvol. LXIV.
=999  \\$a1115869

