=LDR  00899nam  2200301   4500
=001  001121434
=003  BIBL
=005  19980830001900.0
=008  720509s1970\\\\ne\\\\\\\b\\\\001\0deng\\
=010  \\$a72178709 //r853
=015  \\$aNe70-49
=035  9\$a1121434
=035  \\$a(OCoLC)00287320
=040  \\$aDLC$cDLC$dIWA
=049  \\$aIWAA
=050  0\$aB689.Z7$bW55 1970
=082  \\$a227/.87/066
=100  1\$aWilliamson, Ronald.
=245  10$aPhilo and the Epistle to the Hebrews.
=260  \\$aLeiden,$bBrill,$c1970.
=300  \\$axiv, 602 p.$c25 cm.
=440  \0$aArbeiten zur Literatur und Geschichte des hellenistischen Judentums.$vBd. 4
=500  \\$aThesis originally offered to the University of Leeds.
=504  \\$aBibliography: p. 581-586.
=600  00$aPhilo,$cof Alexandria.
=630  00$aBible.$pN.T.$pHebrews$xCriticism, interpretation, etc.
=999  \\$a1121434
=350  \\$afl96.00

