=LDR  00774ntm  2200265   4500
=001  001127356
=003  BIBL
=005  19980830031200.0
=008  980424s1959\\\\fr\\\\\\\\\\\\000\0\fre\d
=035  9\$a1127356
=035  \\$a(OCoLC)39009331
=040  \\$aIWA$cIWA
=049  \\$aIWAA
=090  \\$aQL991$bR6x
=100  00$aRouget, Yvonne Campana,$d1912-
=245  13$aLa tératologie des tiques$cpar Yvonne Rouget, née Campana.
=260  \\$a[Paris,$bMasson et Cie,$c1959]
=300  \\$a132 p.$billus.$c24 cm.
=500  \\$a"Serie A, no 3172. No d'ordre, 4044."
=500  \\$aThesis statement on cover.
=500  \\$a"Extrait des Annales de Parasitologie, t. 34, 1959."
=502  \\$aThèse--Paris, 1950.
=650  \0$aAnimals$xAbnormalities
=650  \0$aTicks
=999  \\$a1127356

