=LDR  01059cam  2200301 a 4500
=001  001152750
=003  BIBL
=005  19990219085100.0
=008  981026s1998\\\\sw\a\\\\\b\\\\000\0\eng\d
=020  \\$a9157654344
=035  9\$a1152750
=035  \\$a(OCoLC)40166645
=040  \\$aIWA$cIWA
=049  \\$aIWAV$bVET
=090  \\$aSF254.A1$bE36x 1998
=100  1\$aEkman, Torkel.
=245  12$aA study of dairy herds with constantly high bulk milk somatic count :$bwith special emphasis on management /$cTorkel Ekman.
=260  \\$aUppsala :$bSwedish University of Agricultural Sciences,$c1998.
=300  \\$a1 v. (various pagings) :$bill. ;$c24 cm.
=440  \0$aActa Universitatis Agriculturae Sueciae.$pVeterinaria$v32
=500  \\$aThesis statement in Swedish and English abstract inserted.
=502  \\$aThesis (Ph. D.)--Sveriges lantbruksuniversitet, 1998.
=504  \\$aIncludes bibliographical references.
=650  \0$aMilk contamination
=650  \0$aSomatic cells
=650  \0$aUdder$xMicrobiology
=650  \0$aMastitis$xPrevention.
=999  \\$a1152750

