=LDR  01004cam  2200301ua 4500
=001  001156394
=003  BIBL
=005  19990120102900.0
=008  980916s1998\\\\sw\\\\\\\b\\\\000\0\eng\d
=020  \\$a9187268442
=035  9\$a1156394
=035  \\$a(OCoLC)39938575
=040  \\$aCUY$cCUY$dIWA
=043  \\$ae-sw---
=049  \\$aIWAA$bPARKS
=090  \\$aHD2753.S8$bF67x 1998
=100  1\$aForsling, Gunnar.
=245  10$aUtilization of tax allowances and corporate borrowing /$cGunnar Forsling.
=260  \\$aUppsala, Sweden :$bDept. of Economics, Uppsala University,$c1998.
=300  \\$av, 96 p. ;$c24 cm.
=490  1\$aEconomic studies,$x0283-7668 ;$v37
=500  \\$aThesis statement inserted.
=502  \\$aThesis (doctoral)--Uppsala universitet, 1998.
=504  \\$aIncludes bibliographical references.
=650  \0$aCorporations$xTaxation$zSweden.
=650  \0$aCorporations$xTaxation
=830  \0$aEconomic studies (Uppsala universitet. Nationalekonomiska institutionen)$v37.
=999  \\$a1156394

