=LDR  01101cam  2200325 a 4500
=001  001156419
=003  BIBL
=005  19990120103000.0
=008  980813s1998\\\\sw\a\\\\\bs\\\000\0\eng\\
=010  \\$a98183446 //r98
=020  \\$a9187268434
=035  9\$a1156419
=035  \\$a(OCoLC)39938394
=040  \\$aDLC$cDLC$dIWA
=043  \\$ae-sw---
=049  \\$aIWAA$bPARKS
=090  \\$aHD4965.S8$bH46x 1998
=100  1\$aHemström, Maria.
=245  10$aSalary determination in professional labour markets /$cMaria Hemström.
=260  \\$a[Uppsala] :$bDept. of Economics, Uppsala University,$c1998.
=300  \\$aiv, 127 p. :$bill. ;$c25 cm.
=490  1\$aEconomic studies,$x0283-7668 ;$v36
=500  \\$aThesis (Ph. D.)--Uppsala University, 1998.
=504  \\$aIncludes bibliographical references.
=520  \\$aThesis summary page inserted.
=650  \0$aProfessional employees$xSalaries, etc.$zSweden.
=650  \0$aWage surveys$zSweden.
=650  \0$aCompensation management$zSweden.
=830  \0$aEconomic studies (Uppsala universitet. Nationalekonomiska institutionen)$v36.
=999  \\$a1156419

