=LDR  00859ctm  2200289   4500
=001  001158715
=003  BIBL
=005  19990120105900.0
=008  980812s1948\\\\dk\\\\\\\\\\\\000\0\eng\\
=010  \\$a49026335
=035  9\$a1158715
=035  \\$a(OCoLC)39684903
=040  \\$aDLC$cIWA
=049  \\$aIWAA$bPARKS
=050  0\$aQR82.S8$bG75
=082  00$a589.953
=090  \\$aQR82.S8$bG885s
=100  1\$aGrini, Ola.
=245  10$aStudies on hemolytic streptococci;$bwith special regard to their occurrence in pyogenic processes in domestic animals.
=260  \\$aKøbenhavn,$bC. F. Mortensen,$c1948.
=300  \\$a206 p.$bplates.$c25 cm.
=500  \\$aThesis statement from label mounted on p. [2] of cover.
=502  \\$aThesis--Oslo.
=504  \\$aBibliography: p. 200-206.
=650  \0$aStreptococcus
=650  \0$aVeterinary bacteriology
=999  \\$a1158715

