=LDR  01559cam  2200385   4500
=001  001160213
=003  BIBL
=005  19990120111900.0
=008  750905r19711931ch\\\\\\\\\\\\001\0\eng\d
=035  9\$a1160213
=035  \\$a(OCoLC)01600347
=040  \\$aFQG$cFQG$dCLE$dIWA
=043  \\$an-us---$aa-cc---
=049  \\$aIWAA$bPARKS
=090  \\$aZ688.C5$bK9
=100  00$aKwei, Chih-pai,$d1900-
=245  10$aBibliographical and administrative problems arising from the incorporation of Chinese books in American libraries,$cby Chih-Ber Kwei.
=260  \\$aTaipei,$bChʼng Wen Pub. Co.,$c1971.
=300  \\$a3 p. l., v-ix, 138, [l] p.$billus.$c23 cm.
=500  \\$aThesis (PH.D.)--University of Chicago, 1931.
=500  \\$aAdded t.-p. without thesis note.
=500  \\$aIncludes translation of the Chinese law of publication of Dec. 4, 1914, and of the Law of copyright of Nov. 7, 1915.
=500  \\$aReprint of the 1931 ed. published by The Leader Press, Peiping, and originally presented as the author's thesis, Chicago, 1931.
=500  \\$aVita.
=500  \\$a"Bibliographical glossary": p. 128-136.
=504  \\$aBibliography at end of each chapter.
=650  \0$aLibraries$zUnited States
=650  \0$aClassification$xBooks$xChinese literature.
=650  \0$aPress law$zChina.
=650  \0$aCopyright$zChina.
=650  \0$aBibliography$xDictionaries$xChinese terms.
=650  \0$aChinese language$xGlossaries, vocabularies, etc.
=710  1\$aChina$kLaws, statutes, etc.
=740  01$aChinese books in American libraries.
=999  \\$a1160213

