=LDR  01127cam  2200289 a 4500
=001  001175164
=003  BIBL
=005  19990219085100.0
=008  981124s1998\\\\sw\a\\\\\b\\\\000\0\eng\d
=020  \\$a9157654484
=035  9\$a1175164
=035  \\$a(OCoLC)40390433
=040  \\$aIWA$cIWA
=049  \\$aIWAV$bVET
=090  \\$aQP609.C94$bE88x 1998
=100  1\$aEstrada, Sergio.
=245  10$aCystatin A, a mammalian cysteine proteinase inhibitor :$bmechanism of inhibition of target proteinases by recombinant cystatin A variants /$cSergio Estrada.
=260  \\$aUppsala :$bSwedish University of Agricultural Sciences,$c1998.
=300  \\$a1 v. (various pagings) :$bill. ;$c24 cm.
=440  \0$aActa Universitatis Agriculturae Sueciae.$pVeterinaria$v39
=500  \\$aThesis statement in Swedish and English abstract inserted.
=500  \\$aBased on 4 previously prepared or published papers reprinted here.
=502  \\$aThesis (doctoral)--Sveriges lantbruksuniversitet, 1998.
=504  \\$aIncludes bibliographical references.
=650  \0$aCysteine proteinases$xInhibitors.
=650  \0$aProtease inhibitors
=999  \\$a1175164

