=LDR  01274cam  2200313 a 4500
=001  001175165
=003  BIBL
=005  20060306170000.0
=008  981124s1998\\\\sw\a\\\\\b\\\\000\0\eng\d
=020  \\$a9157654387
=035  9\$a1175165
=035  \\$a(OCoLC)40390363
=040  \\$aIWA$cIWA
=090  \\$aSF768.2.S5$bC53x 1998
=100  1\$aClariget, Raquel Pérez.
=245  10$aStudies on seasonal variation in testicular function in corriedale rams with special emphasis on nutritional effects /$cRaquel Pérez Clariget.
=260  \\$aUppsala :$bSwedish University of Agricultural Sciences,$c1998.
=300  \\$a1 v. (various pagings) :$bill. ;$c24 cm.
=440  \0$aActa Universitatis Agriculturae Sueciae.$pVeterinaria$v34
=500  \\$aThesis statement in Swedish and English abstract inserted.
=500  \\$aBased on 4 previously prepared or published papers reprinted here.
=502  \\$aThesis (Ph.D.)--Sveriges lantbruksuniversitet, 1998.
=504  \\$aIncludes bibliographical references.
=650  \0$aSheep$xReproduction$xNutritional aspects.
=650  \0$aCorriedale sheep$xReproduction$xNutritional aspects.
=650  \0$aRams$xReproduction$xNutritional aspects.
=650  \0$aCorriedale sheep$xPhysiology.
=650  \0$aTestis$xPhysiology.
=999  \\$a1175165

