=LDR  01154cam  2200301 a 4500
=001  001175170
=003  BIBL
=005  19990219085100.0
=008  981124s1998\\\\sw\a\\\\\b\\\\000\0\eng\d
=020  \\$a9157654409
=035  9\$a1175170
=035  \\$a(OCoLC)40390515
=040  \\$aIWA$cIWA
=049  \\$aIWAV$bVET
=090  \\$aSF768.2.C27$bB65x 1998
=100  1\$aAba, Marcelo Alfredo.
=245  10$aHormonal interrelationships in reproduction of female llamas and alpacas /$cMarcelo Alfredo Aba.
=260  \\$aUppsala :$bSwedish University of Agricultural Sciences,$c1998.
=300  \\$a1 v. (various pagings) :$bill. ;$c24 cm.
=440  \0$aActa Universitatis Agriculturae Sueciae.$pVeterinaria$v35
=500  \\$aThesis statement in Swedish and English abstract inserted.
=500  \\$aBased on 5 previously prepared or published papers reprinted here.
=502  \\$aThesis (doctoral)--Sveriges lantbruksuniversitet, 1998.
=504  \\$aIncludes bibliographical references.
=650  \0$aLlamas$xReproduction$xEndocrine aspects.
=650  \0$aAlpaca$xReproduction$xEndocrine aspects.
=650  \0$aProgesterone$xPhysiological effect.
=999  \\$a1175170

