=LDR  01076cam  2200301 a 4500
=001  001175171
=003  BIBL
=005  19990117185300.0
=008  981124s1998\\\\sw\a\\\\\b\\\\000\0\eng\d
=020  \\$a9157654468
=035  9\$a1175171
=035  \\$a(OCoLC)40390482
=040  \\$aIWA$cIWA
=049  \\$aIWAV$bVET
=090  \\$aRD103.I5$bF54x 1998
=100  1\$aField, John R.
=245  10$aElements of bone plate fixation /$cJohn R. Field.
=260  \\$aUppsala, Sweden :$bSwedish University of Agricultural Sciences,$c1998.
=300  \\$a1 v. (various pagings) :$bill. (some col.) ;$c24 cm.
=440  \0$aActa Universitatis Agriculturae Sueciae.$pVeterinaria$v38
=500  \\$aThesis statement in Swedish and English abstract inserted.
=500  \\$aBased on 7 previously prepared or published papers reprinted here.
=502  \\$aThesis (doctoral)--Sveriges lantbruksuniversitet, 1998.
=504  \\$aIncludes bibliographical references.
=650  \0$aInternal fixation in fractures
=650  \0$aBone plates (Orthopedics)
=650  \0$aFracture$xFixation.
=999  \\$a1175171

