=LDR  01077cam  2200313 a 4500
=001  001175173
=003  BIBL
=005  19990219085100.0
=008  981124s1998\\\\sw\a\\\\\b\\\\000\0\eng\d
=020  \\$a9157654441
=035  9\$a1175173
=035  \\$a(OCoLC)40390298
=040  \\$aIWA$cIWA
=049  \\$aIWAV$bVET
=090  \\$aSF768.2.D6$bR68x 1998
=100  00$aRota, Alessandra.
=245  10$aStudies on preservation, capacitation and fertility of dog spermatozoa /$cAlessandra Rota.
=260  \\$aUppsala :$bSwedish University of Agricultural Sciences,$c1998.
=300  \\$a1 v. (various pagings) :$bill. ;$c24 cm.
=440  \0$aActa Universitatis Agriculturae Sueciae.$pVeterinaria$v37
=500  \\$aThesis statement in Swedish and English abstract inserted.
=502  \\$aThesis (doctoral)--Sveriges lantbruksuniversitet, 1998.
=504  \\$aIncludes bibliographical references.
=650  \0$aDogs$xReproduction.
=650  \0$aDogs$xFertility.
=650  \0$aDogs$xSpermatozoa.
=650  \0$aFrozen semen$xAnalysis.
=650  \0$aFertilization in vitro
=999  \\$a1175173

