=LDR  00989cam  2200325 a 4500
=001  001176985
=003  OCoLC
=005  20010504091600.0
=008  990216s1998\\\\fi\a\\\\\b\\\\000\0\eng\d
=010  \\$a99173651
=020  \\$a9517650027
=035  \\$a(OCoLC)41108532
=035  9\$a1176985
=040  \\$aCtY$cDLC$dIWA
=042  \\$alccopycat
=043  \\$anwcu---
=049  \\$aIWAA
=050  00$aTT166 C9 M67 1998
=100  1\$aMoreno Herrera, Lázaro,$d1964-
=245  10$aCuban sloyd :$ban evolutional approach, theoretical perspective and empirical contribution /$cLázaro Moreno Herrera.
=260  \\$aÅbo :$bÅbo Akademi University Press,$c1998.
=300  \\$a328 p. :$bill. ;$c25 cm.
=500  \\$aExtra t.p. with thesis statement inserted.
=500  \\$aThesis (doctoral)--Åbo Akademi, 1998.
=504  \\$aIncludes bibliographical references (p. 289-308).
=650  \0$aManual training$zCuba.
=650  \0$aSloyd
=949  \\$a1176985
=994  \\$aE0$bIWA
=999  \\$a1176985

