=LDR  00674nam  2200253I  4500
=001  001181386
=003  OCoLC
=005  19990203000000.0
=008  740329s1966\\\\ii\\\\\\\\\\\\000\0\eng\c
=010  \\$asa 67003517
=035  \\$a(OCoLC)845138
=035  9\$a1181386
=040  \\$aWPG$cWPG$dIWA
=049  \\$aIWAA
=082  \\$a332.401
=090  \\$aHG1235 P274m
=100  00$aPatnaik, Khetra Mohan.
=245  10$aMonetary policy and economic development in India.
=260  \\$aDelhi,$bS. Chand$c[1966 or 7]
=300  \\$aix, 284 p.$c23 cm.
=500  \\$aThesis - Utkal University.
=504  \\$aBibliography: p. [277] - 281.
=650  \0$aMonetary policy$zIndia.
=999  \\$a1181386

