=LDR  01168nam  2200301Ia 4500
=001  001189672
=003  OCoLC
=005  20070604144000.0
=008  990317s1999\\\\ne\ab\\\\b\\\\000\0\eng\d
=020  \\$a905782020X
=020  \\$a9058080196 (thesis)
=035  \\$a(OCoLC)40987253
=035  9\$a1189672
=040  \\$aBOH$cBOH$dAGL$dIWA
=041  0\$aeng$bdut
=043  \\$aas-----
=090  \\$aS539 N2 W1231 no.99-1
=100  00$aOudejans, Jan H.
=245  10$aStudies on IPM policy in SE Asia :$btwo centuries of plant protection in Indonesia, Malaysia and Thailand /$cJan. H.M. Oudejans.
=260  \\$a[Wageningen, The Netherlands] :$bWageningen Agricultural University ;$aLeiden, the Netherlands :$bDistribution, Backhuys Publishers,$c1999.
=300  \\$axviii, 316 p. :$bill., maps ;$c25 cm.
=440  \0$aWageningen Agricultural University papers$v99-1
=500  \\$a"Thesis Landbouwuniversiteit Wageningen"--P. iv.
=500  \\$a"Date of publication: 26 February 1999."
=504  \\$aIncludes bibliographical references.
=650  \0$aPests$xIntegrated control$zAsia, Southeastern.
=650  \0$aAgricultural pests$xControl$zAsia, Southeastern.
=999  \\$a1189672

