=LDR  01642cam  2200313Ia 4500
=001  001202221
=003  OCoLC
=005  20000215104600.0
=008  990607s1999\\\\sw\a\\\\\b\\\\000\0\eng\d
=020  \\$a9157654905
=035  \\$a(OCoLC)41494145
=035  9\$a1202221
=040  \\$aKKS$cKKS$dUIU$dIWA
=049  \\$aIWAA
=090  \\$aQK665 N44x 1999
=100  1\$aNehlin, Lilian.
=245  14$aThe use of rapeseed (Brassica napus L.) microspores as a tool for biotechnological applications /$cLilian Nehlin.
=260  \\$aUppsala :$bSwedish University of Agricultural Sciences,$c1999.
=300  \\$a1 v. (various pagings) :$bill. ;$c24 cm.
=440  \0$aActa Universitatis Agriculturae Sueciae.$pAgraria$v140
=500  \\$aThesis based on 4 papers, which are included in the volume.
=502  \\$aThesis (doctoral)--Swedish University of Agricultural Sciences, 1999.
=504  \\$aIncludes bibliographical references.
=505  2\$aInduction of secondary embryogenesis in microspore-derived embryos of Brassica napus L. / Lilian Nehlin, Christian Möllers, Kristina Glimelius -- Fatty acid composition in microspore-derived secondary embryos of Brassica napus L. / Lilian Nehlin ... [et al.] -- Influence of in vitro culture conditions on glucosinolate composition of microspore-derived embryos of Brassica napus L. / C. Möllers ... [et al.] -- Microprojectile bombardment of microspores and microspore-derived embryos of Brassica napus L. : transient gene expression and viability analysis / Lilian Nehlin ... [et al.].
=650  \0$aRapeseed$xEmbryos.
=949  \\$a1202221
=994  \\$aE0$bIWA
=999  \\$a1202221
=092  0\$a660.6$221

