=LDR  01562cam  2200301Ia 4500
=001  001202233
=003  OCoLC
=005  20010803134600.0
=008  990607s1999\\\\sw\a\\\\\b\\\\000\0\eng\d
=020  \\$a9157654573
=035  \\$a(OCoLC)41494584
=035  9\$a1202233
=040  \\$aKKS$cKKS$dIWA
=049  \\$aIWAA
=090  \\$aQR82.L3 R66x 1999
=100  1\$aRoos, Stefan.
=245  10$aAdhesion and autoaggregation of Lactobacillus reuteri and description of a new Lactobacillus species with mucus binding properties /$cStefan Roos.
=260  \\$aUppsala :$bSwedish University of Agricultural Sciences,$c1999.
=300  \\$a1 v. (various pagings) :$bill. ;$c24 cm.
=440  \0$aActa Universitatis Agriculturae Sueciae.$pAgraria$v148
=500  \\$aThesis based on 4 papers, which are included in the volume.
=502  \\$aThesis (doctoral)--Swedish University of Agricultural Sciences, 1999.
=504  \\$aIncludes bibliographical references.
=505  2\$aAutoaggregation of Lactobacillus reuteri is mediated by a putative DEAD-box helicase / Stefan Roos, Sven Lindgren and Hans Jonsson -- A collagen binding protein from Lactobacillus reuteri is part of an ABC transporter system? / Stefan Roos ... [et al.] -- The adhesion of Lactobacillus reuteri to mucus is mediated by a very large, repetitive cell surface protein / Stefan Roos and Hans Jonsson -- Lactobacillus mucosae sp. nov. from pig intestine with mucus binding activity in vitro / Stefan Roos ... [et al.].
=650  \0$aLactobacillus
=949  \\$a1202233
=994  \\$aE0$bIWA
=999  \\$a1202233

