=LDR  02124cam  2200373Ia 4500
=001  001202235
=003  OCoLC
=005  20000118140200.0
=008  990607s1999\\\\sw\a\\\\\b\\\\000\0\eng\d
=020  \\$a9157654514
=035  \\$a(OCoLC)41494447
=035  9\$a1202235
=040  \\$aKKS$cKKS$dAGL$dIWA
=043  \\$aw------
=049  \\$aIWAA
=070  0\$aS419.A28$bno.145
=072  \0$aL300
=090  \\$aSF205 D36x 1999
=100  1\$aDas, S. M.
=245  10$aPerformance and behaviour of the cow and calf in restricted suckling and artificial rearing systems /$cSachindra M. Das.
=260  \\$aUppsala :$bSwedish University of Agricultural Sciences,$c1999.
=300  \\$a1 v. (various pagings) :$bill. ;$c24 cm.
=440  \0$aActa Universitatis Agriculturae Sueciae.$pAgraria$v145
=500  \\$aThesis based on 5 papers, which are included in the volume.
=502  \\$aThesis (doctoral)--Swedish University of Agricultural Sciences, 1999.
=504  \\$aIncludes bibliographical references.
=505  2\$aEffects of calf management and level of feed supplementation on milk yield and calf growth of zebu and crossbreed cattle in the semi-arid tropics / S.M. Das, Hans Wiktorsson and Mats Forsberg -- Influence of restricted suckling and level of feed supplementation on postpartum reproductive performance of zebu and crossbred cattle in the semi-arid tropics / S.M. Das, Mats Forsberg and Hans Wiktorsson -- Behaviour of zebu and crossbred cows in restricted suckling groups / S.M. Das, I. Redbo & H. Wiktorsson -- Effect of age of calf on suckling behaviour and other behavioural activities of the zebu and crossbred calves during restricted suckling periods / S.M. Das, Ingrid Redbo and Hans Wiktorsson -- Effects of restricted suckling or bucket milk feeding on behavioural activities of zebu and crossbred calves in grazing paddocks / S.M. Das, Ingrid Redbo and Hans Wiktorsson.
=650  \0$aCalves$xFeeding and feeds$zTropics.
=650  \0$aCattle$xBehavior$zTropics.
=650  \0$aCattle$zTropics$xReproduction.
=650  \0$aZebus$zTropics.
=949  \\$a1202235
=994  \\$aE0$bIWA
=999  \\$a1202235

