=LDR  01705cam  2200361Ia 4500
=001  001203500
=003  OCoLC
=005  20011211134900.0
=008  990922s1999\\\\sw\a\\\\\b\\\\000\0\eng\d
=020  \\$a9157657165
=035  \\$a(OCoLC)42416130
=035  9\$a1203500
=040  \\$aKKS$cKKS$dAGL$dIWA
=049  \\$aIWAA
=070  0\$aS419$b.A28 no. 178
=072  \0$aJ100
=090  \\$aS654 J64x 1999
=100  1\$aJohansson, Mats.
=245  10$aUrban organic waste in agriculture :$brisk or resource? /$cMats Johansson.
=260  \\$aUppsala [Sweden] :$bSwedish University of Agricultural Sciences,$c1999.
=300  \\$a1 v. (various pagings) :$bill. ;$c24 cm.
=440  \0$aActa Universitatis Agriculturae Sueciae.$pAgraria$v178
=500  \\$aThesis based on 4 papers, which are included in the volume.
=502  \\$aThesis (doctoral)--Swedish University of Agricultural Sciences, 1999.
=504  \\$aIncludes bibliographical references.
=505  2\$aMicrobial biomass and activities in soil as affected by frozen and cold storage / B. Stenberg ... [et al.] -- Kinetics of substrate-induced respiration (SIR) and denitrification : applications to a soil amended with silver / Mats Johansson, Mikael Pell and John Stenström -- Short-term effects of manures and sewage sludges on soil microorganisms / M. Johansson, M. Pell, L. Torstensson -- Microbiological and chemical changes in two arable soils after long-term sludge amendments / M. Johansson, B. Stenberg and L. Torstensson.
=650  \0$aOrganic wastes as soil amendments
=650  \0$aSoil microbiology
=650  \0$aSoils$xHeavy metal content
=650  \0$aSoils$xQuality
=949  \\$a1203500
=994  \\$aE0$bIWA
=999  \\$a1203500

