=LDR  01000cam  2200301Ia 4500
=001  001203503
=003  OCoLC
=005  20010524142700.0
=008  991014s1999\\\\sw\ab\\\\b\\\\000\0\eng\d
=020  \\$a9157654875
=035  \\$a(OCoLC)42638881
=035  9\$a1203503
=040  \\$aFUG$cFUG$dOCL$dAGL$dIWA
=049  \\$aIWAA
=090  \\$aQK898 S67 K62x 1999
=100  00$aKoch, Kristine.
=245  10$aMethods for studying starch characteristics /$cKristine Koch.
=260  \\$aUppsala, [Sweden] :$bSwedish University of Agricultural Sciences,$cc1999.
=300  \\$a1 v. (various pagings) :$bill., map ;$c24 cm.
=440  \0$aActa Universitatis Agriculturae Sueciae.$pAgraria$v163
=500  \\$aThesis statement and English abstract inserted.
=502  \\$aThesis (Ph.D.)--Swedish University of Agricultural Sciences, 1999.
=504  \\$aIncludes bibliographical references.
=650  \0$aStarch$xAnalysis.
=650  \0$aGrain$xAnalysis.
=949  \\$a1203503
=994  \\$aE0$bIWA
=999  \\$a1203503

