=LDR  01052cam  2200301Ia 4500
=001  001203504
=003  OCoLC
=005  20010524145400.0
=008  990922s1999\\\\sw\a\\\\\b\\\\000\0\eng\d
=020  \\$a9157654778
=035  \\$a(OCoLC)42415059
=035  9\$a1203504
=040  \\$aAGL$cAGL$dFUG$dIWA
=049  \\$aIWAA
=090  \\$aQH448.4 H64x 1999
=100  1\$aHolefors, Anna.
=245  10$aGenetic transformation of the apple rootstock M26 with genes influencing growth properties /$cAnna Holefors.
=260  \\$aAlnarp :$bSwedish University of Agricultural Sciences,$c1999.
=300  \\$a1 v. (various pagings) :$bill. (some col.) ;$c24 cm.
=440  \0$aActa Universitatis Agriculturae Sueciae.$pAgraria$v158
=500  \\$aThesis statement and English abstract inserted.
=502  \\$aThesis (Ph.D.)--Swedish University of Agricultural Sciences, 1999.
=504  \\$aIncludes bibliographical references.
=650  \0$aGenetic transformation
=650  \0$aFruit$xRootstocks$xGenetics.
=949  \\$a1203504
=994  \\$aE0$bIWA
=999  \\$a1203504

