=LDR  01125cam  2200325Ia 4500
=001  001203507
=003  OCoLC
=005  20010524152600.0
=008  990920s1999\\\\sw\a\\\\\b\\\\000\0\eng\d
=020  \\$a9157654832
=035  \\$a(OCoLC)42399346
=035  9\$a1203507
=040  \\$aFUG$cFUG$dOCL$dIWA
=043  \\$ae-sw---
=049  \\$aIWAA
=090  \\$aSB741 P58 O46x 1999
=100  1\$aOlsson, Christer H. B.
=245  10$aDiagnosis of root-infecting Phytophthora spp. /$cChrister H.B. Olsson.
=260  \\$aUppsala, [Sweden] :$bSwedish University of Agricultural Sciences,$cc1999.
=300  \\$a1 v. (various pagings) :$bill. ;$c23 cm.
=440  \0$aActa Universitatis Agriculturae Sueciae.$pAgraria$v161
=500  \\$aThesis statement and English abstract inserted.
=502  \\$aThesis (Ph.D.)--Swedish University of Agricultural Sciences, 1999.
=504  \\$aIncludes bibliographical references.
=650  \0$aPhytophthora diseases$zSweden.
=650  \0$aRaspberries$xDiseases and pests$zSweden.
=650  \0$aStrawberries$xDiseases and pests$zSweden.
=949  \\$a1203507
=994  \\$aE0$bIWA
=999  \\$a1203507

