=LDR  01301cam  2200361Ia 4500
=001  001203508
=003  OCoLC
=005  20010524153600.0
=008  990922s1999\\\\sw\a\\\\\b\\\\000\0\eng\d
=020  \\$a9157654794
=035  \\$a(OCoLC)42414462
=035  9\$a1203508
=040  \\$aAGL$cAGL$dFUG$dIWA
=043  \\$ae-sw---
=049  \\$aIWAA
=090  \\$aSB126.57 S8 H84x 1999
=100  1\$aHultberg, Malin.
=245  10$aSeed bacterization with Pseudomonas fluorescens and interactions with Pythium ultimum on tomato in soilless systems /$cMalin Hultberg.
=260  \\$aAlnarp :$bSwedish University of Agricultural Sciences,$c1999.
=300  \\$a1 v. (various pagings) :$bill. (some col.) ;$c24 cm.
=440  \0$aActa Universitatis Agriculturae Sueciae.$pAgraria$v159
=500  \\$aErrata sheet inserted.
=500  \\$aThesis statement and English abstract inserted.
=502  \\$aThesis (Ph.D.)--Swedish University of Agricultural Sciences, 1999.
=504  \\$aIncludes bibliographical references.
=650  \0$aHydroponics$zSweden.
=650  \0$aPhytopathogenic microorganisms$xBiological control$zSweden.
=650  \0$aTomatoes$xDiseases and pests$zSweden.
=650  \0$aPseudomonas fluorescens
=650  \0$aPythium ultimum
=949  \\$a1203508
=994  \\$aE0$bIWA
=999  \\$a1203508

