=LDR  01993cam  2200385Ia 4500
=001  001203529
=003  OCoLC
=005  20011211133100.0
=008  990921s1999\\\\sw\a\\\\\b\\\\000\0\eng\d
=020  \\$a9157654719
=035  \\$a(OCoLC)42405205
=035  9\$a1203529
=040  \\$aKKS$cKKS$dAGL$dIWA
=043  \\$ae-sw---
=049  \\$aIWAA
=070  0\$aS419$b.A28 no. 155
=072  \0$aX380$aE200
=090  \\$aRC965.D3 P56x 1999
=100  00$aPinzke, Stefan.
=245  10$aTowards the good work :$bmethods for studying working postures to prevent musculoskeletal disorders with farming as reference work /$cStefan Pinzke.
=260  \\$aAlnarp [Sweden] :$bSwedish University of Agricultural Sciences,$c1999.
=300  \\$a1 v. (various pagings) :$bill. ;$c24 cm.
=440  \0$aActa Universitatis Agriculturae Sueciae.$pAgraria$v155
=500  \\$aThesis based on 6 papers, which are included in the volume.
=502  \\$aThesis (doctoral)--Swedish University of Agricultural Sciences, 1999.
=504  \\$aIncludes bibliographical references.
=505  2\$aMusculoskeletal symptoms in Swedish dairy farmers / Bengt Gustafsson, Stefan Pinzke and Per-Erik Isberg -- The natural course of musculoskeletal symptoms and clinical findings in upper extremities of female milkers / Marianne Stål ... [et al.] -- Observational methods for analyzing working postures in agriculture / S. Pinzke -- Assessment of time consumption and work in load in milking of cows / S. Pinzke, B. Gustafsson, G-Å. Hansson -- A computerised system for analysing working postures in agriculture / Stefan Pinzke -- Marker-less systems for tracking working postures : results from two experiments / S. Pinzke, L. Kopp.
=650  \0$aDairy farmers$xHealth and hygiene$zSweden.
=650  \0$aMusculoskeletal system$xWounds and injuries$xPrevention.
=650  \0$aOveruse injuries$xPrevention.
=650  \0$aHuman engineering
=949  \\$a1203529
=994  \\$aE0$bIWA
=999  \\$a1203529
=019  \\$a42414485

