=LDR  00903cam  2200277Ia 4500
=001  001209002
=003  OCoLC
=005  20120620114202.0
=008  990617s1999\\\\gw\\\\\\\b\\\\001\0\ger\d
=020  \\$a3110164116
=035  \\$a(OCoLC)41556564
=035  9\$a1209002
=040  \\$aCWR$cCWR$dIWA
=090  \\$aB2798 K3 Nr.134
=100  1\$aMalzkorn, Wolfgang.
=245  10$aKants Kosmologie-Kritik :$beine formale Analyse der Antinomienlehre /$cWolfgang Malzkorn.
=260  \\$aBerlin ;$aNew York :$bWalter de Gruyter,$c1999.
=300  \\$ax, 347 p. ;$c24 cm.
=440  \0$aKantstudien.$pErgänzungshefte$v134
=500  \\$aThesis--Friedrich-Wilhelms-Universität, 1998.
=504  \\$aIncludes bibliographical references (p. [331]-339) and indexes.
=600  10$aKant, Immanuel,$d1724-1804$xCriticism and interpretation.
=650  \0$aAntinomy
=650  \0$aCosmology
=994  \\$aE0$bIWA
=999  \\$a1209002

