=LDR  02005cam  2200325Ia 4500
=001  001210548
=003  OCoLC
=005  19991109134500.0
=008  990921s1999\\\\sw\a\\\\\b\\\\000\0\eng\d
=020  \\$a9157654913
=035  \\$a(OCoLC)42407167
=035  9\$a1210548
=040  \\$aKKS$cKKS$dIWA
=049  \\$aIWAA
=090  \\$aSB945.C7 B33x 1999
=100  1\$aBäckman, Anna-Carin
=245  10$aOlfactory communication in the codling moth, Cydia pomonella L. /$cAnna-Carin Bäckman.
=260  \\$aAlnarp [Sweden] :$bSwedish University of Agricultural Sciences,$c1999.
=300  \\$a1 v. (various pagings) :$bill. ;$c24 cm.
=440  \0$aActa Universitatis Agriculturae Sueciae.$pAgraria$v165
=500  \\$aThesis based on 6 papers, which are included in the volume.
=502  \\$aThesis (doctoral)--Swedish University of Agricultural Sciences, 1999.
=504  \\$aIncludes bibliographical references.
=505  2\$aPheromone release by individual females of codling moth, Cydia pomonella / Anna-Carin Bäckman, Marie Bengtsson, and Peter Witzgall -- Pheromone release by codling moth females and mating disruption dispensers / Anna-Carin Bäckman -- Antennal response of codling moth males, Cydia pomonella (L.) (Lepidoptera: Tortricidae), to the geometric isomers of codlemone and codlemone acetate / Anna-Carin Bäckman ... [et al.] -- Potential of a blend of E8, E10-120H and E8, E10-12Ac for mating disruption of codling moth, Cydia pomonella L. (Lep., Tortricidae) / P. Witzgall ... [et al.] -- Behavioral observations of codling moth, Cydia pomonella, in orchards permeated with synthetic pheromone / Peter Witzgall ... [et al.] -- Apple volatiles eliciting antennal responses in female Cydia pomonella: effect of plant injury and sampling technique / Anna-Carin Bäckman, Marie Bengtsson and Peter Witzgall.
=650  \0$aCodling moth$xBiological control.
=650  \0$aCodling moth$xBehavior.
=650  \0$aInsect sex attractants
=949  \\$a1210548
=994  \\$aE0$bIWA
=999  \\$a1210548

