=LDR  02257cam  2200325Ia 4500
=001  001211471
=003  OCoLC
=005  20021211074700.0
=007  co\cgu
=008  990805s1999\\\\iau\\\\\\b\\\\000\0\eng\d
=035  \\$a(OCoLC)42020639
=035  9\$a1211471
=040  \\$aIWA$cIWA
=049  \\$aIWAA
=099  \\$aISU 1999 P88
=100  00$aPurohit, Shilpa Hemal.
=245  14$aThe codes$h[electronic resource] :$ba convention center /$cby Shilpa Hemal Purohit.
=260  \\$c1999.
=300  \\$a1 computer optical disc :$bcol. ;$c4 3/4 in. +$e1 text (iv p.)
=500  \\$aCD-Recordable.
=500  \\$aThesis constructed on Micromedia Director.
=502  \\$aThesis (M.Arch.)--Iowa State University, 1999.
=504  \\$aIncludes bibliography.
=520  3\$aThis thesis is about an attempt to introduce a special type of code language to design a building. The research is carried out through the design of a convention center in Surat City, India. The codes have always an unavoidable association with the architecture. How best the image and the identity of a particular city could take part in forming a code that could be projected on architecture is investigated throughout the research and design of this project.
=520  3\$aIn order to achieve the goal, the behavior of the city is taken into consideration. Surat is famous for the business of diamonds and textiles and thus the science of making of a diamond and textiles was carefully inspected and studied. Also the careful investigation of the needs of the city was carried out. These resulted in a formation of a program in which the importance was given to the different patterns of social/cultural life of the people. The design process consists of different unconventional notions, which are directly responsive to the issues of this project. The final project should express all the complexities of architecture and that in turn supports the image and the identity issues of Surat City.
=538  \\$aSystem requirements: Macintosh; 32MB RAM; OS 8 platform; Quicktime 3.0 (provided in the CD-ROM); 12X CD-ROM drive minimum; 15 in. monitor; 256 colors; optimal resolution settings 1024 x 768 @ 75hz.
=690  \\$aArchitecture
=994  \\$aE0$bIWA
=999  \\$a1211471
=902  \\$axyz

