=LDR  01057nam  2200301I  4500
=001  001227035
=003  OCoLC
=005  19991102000000.0
=008  750717s1922\\\\dcu\\\\\\b\\\\000\0\eng\d
=035  \\$a(OCoLC)1454882
=035  9\$a1227035
=040  \\$aBGU$cBGU$dVYS$dOCL$dIWA
=049  \\$aIWAA
=090  \\$aH31 C286s v.3
=100  1\$aKenkel, Joseph B.$q(Joseph Bernard),$d1894-
=245  14$aThe cooperative elevator movement;$ba study in grain marketing at country points in the north central states$cby Joseph B. Kenkel.
=260  \\$aWashington, D.C.,$bCatholic University of America,$c1922.
=300  \\$avi, 155 p.$c23 cm.
=500  \\$aThesis (Ph.D.)--Catholic University of America, 1922.
=500  \\$aComprises v. 3 of Studies in the social sciences.
=504  \\$aBibliography: p. 150-154.
=650  \0$aAgriculture, Cooperative
=650  \0$aGrain elevators
=650  \0$aFarm produce$xMarketing
=830  \0$aStudies in the social sciences (Washington, D.C.)$vv. 3.
=994  \\$aE0$bIWA
=999  \\$a1227035
=019  \\$a11857191$a32531370

