=LDR  00891nam  2200265I  4500
=001  001227038
=003  OCoLC
=005  19991102000000.0
=008  750423s1923\\\\dcu\\\\\\b\\\\000\0\eng\d
=010  \\$a24006656
=035  \\$a(OCoLC)1294260
=035  9\$a1227038
=040  \\$aIWA$cKSU$dOCL$dIWA
=049  \\$aIWAA
=090  \\$aH31 C286s v.5
=100  1\$aMulcaire, Michael Aloysius,$d1894-
=245  14$aThe International Brotherhood of Electrical Workers;$ba study in trade union structure and functions,$cby Michael A. Mulcaire.
=260  \\$aWashington, D.C.,$c1923.
=300  \\$a156 p.$c23 cm.
=490  1\$aStudies in the social sciences ;$vv. 5
=500  \\$aThesis (Ph.D.)--Catholic University of America, 1923.
=610  20$aInternational Brotherhood of Electrical Workers.
=830  \0$aStudies in the social sciences (Washington, D.C.)$vv. 5.
=994  \\$aE0$bIWA
=999  \\$a1227038

