=LDR  00953cam  2200325Ia 4500
=001  001227520
=003  OCoLC
=005  19991230165100.0
=008  991230s1999\\\\er\a\\\\\b\\\\000\0\eng\d
=020  \\$a9985591194
=035  \\$a(OCoLC)43113484
=035  9\$a1227520
=040  \\$aIWA$cIWA
=041  0\$aeng$best
=049  \\$aIWAA
=090  \\$aTA479.6 A56x 1999
=100  1\$aAnnuka, Harri.
=245  10$aCharacterization and application of TiC-based iron alloys bonded cermets /$cHarri Annuka.
=260  \\$aTallinn :$bTTU Press,$c1999.
=300  \\$a40 p. :$bill. ;$c26 cm.
=440  \0$aThesis on mechanical and instrumental engineering$vE9
=500  \\$aThesis (doctoral?)--Tallinn Technical University, 1999.
=504  \\$aIncludes bibliographical references.
=546  \\$aSummary also in Estonian.
=650  \0$aCeramic metals
=650  \0$aTitanium carbide
=650  \0$aSteel
=949  \\$a1227520
=994  \\$aE0$bIWA
=999  \\$a1227520

