=LDR  01204cam  2200325Ia 4500
=001  001230755
=003  OCoLC
=005  20010620082800.0
=008  000310s1999\\\\sw\a\\\\\b\\\\000\0\eng\d
=020  \\$a9157657424
=035  \\$a(OCoLC)43607167
=035  9\$a1230755
=040  \\$aAGL$cAGL$dKKS$dFUG$dIWA
=043  \\$ae-sw---
=049  \\$aIWAA
=050  \4$aSB415.6 S8 L34 1999
=100  00$aLagerberg, Charlotte.
=245  10$aEmergy analysis of the resource use in greenhouse crop production and of the resource basis of the Swedish economy /$cCharlotte Lagerberg.
=260  \\$aAlnarp :$bSwedish University of Agricultural Sciences,$c1999.
=300  \\$a1 v. (various pagings) :$bill. ;$c24 cm.
=440  \0$aActa Universitatis Agriculturae Sueciae.$pAgraria$v191
=500  \\$aThesis statement and English abstract inserted.
=502  \\$aThesis (doctoral)--Swedish University of Agricultural Sciences, 1999.
=504  \\$aIncludes bibliographical references.
=650  \0$aPower resources$xAnalysis.
=650  \0$aGreenhouse plants$xEconomic aspects$zSweden.
=650  \0$aSustainable agriculture$xEnergy consumption$xMethodology.
=949  \\$a1230755
=994  \\$aE0$bIWA
=999  \\$a1230755

