=LDR  01086cam  2200325Ia 4500
=001  001230758
=003  OCoLC
=005  20010619151900.0
=008  000216s1999\\\\sw\a\\\\\b\\\\000\0\eng\d
=020  \\$a9157657246
=035  \\$a(OCoLC)43467213
=035  9\$a1230758
=040  \\$aAGL$cAGL$dFUG$dAGL$dIWA
=043  \\$ae-sw---
=049  \\$aIWAA
=090  \\$aGF91 S8 H37x 1999
=100  1\$aHägerhäll, Caroline
=245  14$aThe experience of pastoral landscapes /$cCaroline Hägerhäll.
=260  \\$aAlnarp :$bSwedish University of Agricultural Sciences,$c1999.
=300  \\$a1 v. (various pagings) :$bill. ;$c24 cm.
=440  \0$aActa Universitatis Agriculturae Sueciae.$pAgraria$v182
=500  \\$aThesis statement and English abstract inserted.
=502  \\$aThesis (Ph.D.)--Swedish University of Agricultural Sciences, 1999.
=504  \\$aIncludes bibliographical references.
=650  \0$aLandscape assessment$zSweden.
=650  \0$aGrassland ecology$xSocial aspects$zSweden.
=650  \0$aNature (Aesthetics)
=949  \\$a1230758
=994  \\$aE0$bIWA
=999  \\$a1230758

