=LDR  01113cam  2200313Ia 4500
=001  001230759
=003  OCoLC
=005  20010619152600.0
=008  000309s1999\\\\sw\a\\\\\b\\\\000\0\eng\d
=020  \\$a915765736X
=035  \\$a(OCoLC)43598501
=035  9\$a1230759
=040  \\$aFUG$cFUG$dAGL$dOCL$dIWA
=049  \\$aIWAA
=090  \\$aQH450.2 W92x 1999
=100  1\$aWycliffe, Paul
=245  10$aStudies on the seed-specific napA promoter and of transcription factors binding to the promoter in vitro /$cPaul Wycliffe.
=260  \\$aUppsala, [Sweden] :$bSwedish University of Agricultural Sciences,$c1999.
=300  \\$a1 v. (various pagings) :$bill. (some col.) ;$c24 cm.
=440  \0$aActa Universitatis Agriculturae Sueciae.$pAgraria$v188
=500  \\$aThesis statement and English abstract inserted.
=502  \\$aThesis (Ph.D.)--Swedish University of Agricultural Sciences, 1999.
=504  \\$aIncludes bibliographical references.
=650  \0$aGenetic transcription
=650  \0$aPromoters (Genetics)
=650  \0$aPlant genetic regulation
=949  \\$a1230759
=994  \\$aE0$bIWA
=999  \\$a1230759

