=LDR  01093cam  2200313Ia 4500
=001  001230763
=003  OCoLC
=005  20010620084700.0
=008  000111s1999\\\\sw\a\\\\\b\\\\000\0\eng\d
=020  \\$a915765722X
=035  \\$a(OCoLC)43255351
=035  9\$a1230763
=040  \\$aAGL$cAGL$dFUG$dIWA
=049  \\$aIWAA
=050  \4$aQK623 S3 T84 1999
=100  1\$aTwengström, Eva
=245  10$aEpidemiology and forecasting of sclerotinia stem rot on spring sown oilseed rape in Sweden /$cEva Twengström.
=260  \\$aUppsala :$bSwedish University of Agricultural Sciences,$c1999.
=300  \\$a1 v. (various pagings) :$bill. ;$c24 cm.
=440  \0$aActa Universitatis Agriculturae Sueciae.$pAgraria$v181
=500  \\$aThesis statement and English abstract inserted.
=502  \\$aThesis (Ph.D.)--Swedish University of Agricultural Sciences, 1999.
=504  \\$aIncludes bibliographical references.
=650  \0$aSclerotiniaceae
=650  \0$aRape (Plant)$xDiseases and pests.
=650  \0$aOilseed plants$xDiseases and pests
=949  \\$a1230763
=994  \\$aE0$bIWA
=999  \\$a1230763

