=LDR  01118cam  2200325Ia 4500
=001  001230765
=003  OCoLC
=005  20010618155200.0
=008  991203s1999\\\\sw\a\\\\\b\\\\000\0\eng\d
=020  \\$a9157657181
=035  \\$a(OCoLC)42923178
=035  9\$a1230765
=040  \\$aAGL$cAGL$dOCL$dFUG$dOCL$dAGL$dIWA
=049  \\$aIWAA
=050  \4$aSF768.2 H67 J36 1999
=100  1\$aJansson, Anna
=245  10$aSodium and potassium regulation :$bwith special reference to the athletic horse /$cAnna Jansson.
=260  \\$aUppsala :$bSwedish University of Agricultural Sciences,$c1999.
=300  \\$a1 v. (various pagings) :$bill. ;$c24 cm.
=440  \0$aActa Universitatis Agriculturae Sueciae.$pAgraria$v179
=500  \\$aThesis statement and English abstract inserted.
=502  \\$aThesis (Ph.D.)--Swedish University of Agricultural Sciences, 1999.
=504  \\$aIncludes bibliographical references.
=650  \0$aBody fluid disorders
=650  \0$aHorses$xEffect of salt on.
=650  \0$aHorses$xFeeding and feeds
=650  \0$aHorses$xPhysiology
=949  \\$a1230765
=994  \\$aE0$bIWA
=999  \\$a1230765

