=LDR  01006cam  2200301Ia 4500
=001  001230767
=003  OCoLC
=005  20010619143900.0
=008  000216s1999\\\\sw\a\\\\\b\\\\000\0\eng\d
=020  \\$a9157657386
=035  \\$a(OCoLC)43469314
=035  9\$a1230767
=040  \\$aAGL$cAGL$dFUG$dIWA
=049  \\$aIWAA
=090  \\$aQP702 O44 N54x 1999
=100  1\$aNilsson, Magnus
=245  10$aChemical synthesis of oligosaccharide bacterial antigens /$cMagnus Nilsson.
=260  \\$aUppsala :$bSwedish University of Agricultural Sciences,$c1999.
=300  \\$a1 v. (various pagings) :$bill. ;$c24 cm.
=440  \0$aActa Universitatis Agriculturae Sueciae.$pAgraria$v189
=500  \\$aThesis statement and English abstract inserted.
=502  \\$aThesis (Ph.D.)--Swedish University of Agricultural Sciences, 1999.
=504  \\$aIncludes bibliographical references.
=650  \0$aOligosaccharides$xSynthesis.
=650  \0$aBacterial antigens
=949  \\$a1230767
=994  \\$aE0$bIWA
=999  \\$a1230767

