=LDR  01038cam  2200313Ia 4500
=001  001230768
=003  OCoLC
=005  20010619145200.0
=008  000120s1999\\\\sw\a\\\\\b\\\\000\0\eng\d
=020  \\$a9157657289
=035  \\$a(OCoLC)43319787
=035  9\$a1230768
=040  \\$aAGL$cAGL$dFUG$dIWA
=049  \\$aIWAA
=090  \\$aSF494 W34x 1999
=100  1\$aWahlström, Annsofie
=245  10$aDiet x hybrid interactions in large groups of laying hens /$cAnnsofie Wahlström.
=260  \\$aUppsala :$bSwedish University of Agricultural Sciences,$c1999.
=300  \\$a1 v. (various pagings) :$bill. ;$c24 cm.
=440  \0$aActa Universitatis Agriculturae Sueciae.$pAgraria$v184
=500  \\$aThesis statement and English abstract inserted.
=502  \\$aThesis (Ph.D.)--Swedish University of Agricultural Sciences, 1999.
=504  \\$aIncludes bibliographical references.
=650  \0$aChickens$xFeeding and feeds.
=650  \0$aEggs$xQuality
=650  \0$aHybridization
=949  \\$a1230768
=994  \\$aE0$bIWA
=999  \\$a1230768

