=LDR  01118cam  2200325Ia 4500
=001  001234810
=003  OCoLC
=005  20010620093600.0
=008  000701s1999\\\\se\ab\\\\b\\\\000\0\eng\d
=020  \\$a9157657092
=035  \\$a(OCoLC)44515573
=035  9\$a1234810
=040  \\$aFUG$cFUG$dAGL$dIWA
=049  \\$aIWAA
=050  \4$aQK495 E33 J46 1999
=100  1\$aJeppsson, Niklas
=245  10$aGenetic variation and fruit quality in sea buckthorn and black chokeberry /$cNiklas Jeppsson.
=260  \\$aUppsala :$bSwedish University of Agricultural Sciences,$c1999.
=300  \\$a1 v. (various pagings) :$bill., maps ;$c24 cm.
=440  \0$aActa Universitatis Agriculturae Sueciae.$pAgraria$v199
=500  \\$aThesis statement and English abstract inserted.
=502  \\$aThesis (Ph.D.)--Swedish University of Agricultural Sciences, 1999.
=504  \\$aIncludes bibliographical references.
=650  \0$aSea buckthorn$xGenetics.
=650  \0$aBlack chokeberry$xGenetics.
=650  \0$aSea buckthorn$xQuality.
=650  \0$aBlack chokeberry$xQuality.
=949  \\$a1234810
=994  \\$aE0$bIWA
=999  \\$a1234810

