=LDR  01086cam  2200313Ia 4500
=001  001234811
=003  OCoLC
=005  20010620094300.0
=008  000111s1999\\\\sw\ab\\\\b\\\\000\0\eng\d
=020  \\$a9157657017
=035  \\$a(OCoLC)43255277
=035  9\$a1234811
=040  \\$aAGL$cAGL$dFUG$dIWA
=043  \\$af-et---
=049  \\$aIWAA
=050  \4$aQL561 A25 A94 1999
=100  1\$aAzerefegne, Ferdu
=245  14$aThe sweet potato butterfly Acraea acerata in Ethiopia :$becology and economic importance /$cFerdu Azerefegne.
=260  \\$aUppsala :$bSwedish University of Agricultural Sciences,$c1999.
=300  \\$a1 v. (various pagings) :$bill., maps ;$c24 cm.
=440  \0$aActa Universitatis Agriculturae Sueciae.$pAgraria$v195
=500  \\$aThesis statement and English abstract inserted.
=502  \\$aThesis (Ph.D.)--Swedish University of Agricultural Sciences, 1999.
=504  \\$aIncludes bibliographical references.
=650  \0$aAcraea$xEcology$zEthiopia.
=650  \0$aAcraea$xEconomic aspects$zEthiopia.
=949  \\$a1234811
=994  \\$aE0$bIWA
=999  \\$a1234811

