=LDR  01308cam  2200337Ka 4500
=001  001234899
=003  OCoLC
=005  20010103113600.0
=008  001206s1999\\\\sw\\\\\\\\\\\\000\0\eng\d
=020  \\$a9157654433
=035  \\$a(OCoLC)45492234
=035  9\$a1234899
=040  \\$aCAI$cCAI$dIWA
=049  \\$aIWAA
=090  \\$aSF887$bK37x 1999
=100  00$aKask, Kalle.
=245  10$aPostpartum reproductive performance in dairy cows under different managemental systems and in cows with induced parturitions :$ba clinical, microbiological, morphological, hormonal and granulocyte function study /$cKalle Kask.
=260  \\$aUppsala, Sweden :$bSwedish University of Agricultural Sciences,$c1999.
=300  \\$a1 v. (various pagings) :$bill. ;$c24 cm.
=440  \0$aActa Universitatis Agriculturae Sueciae.$pVeterinaria$v61
=500  \\$aThesis statement in Swedish and English abstract inserted.
=500  \\$aThesis based on 5 previously prepared or published papers reprinted here.
=502  \\$aThesis (doctoral)--Sveriges lantbruksuniversitet.
=504  \\$aIncludes bibliographical references.
=650  \0$aCattle$xParturition
=650  \0$aCattle$xReproduction
=650  \0$aCows$xReproduction.
=650  \0$aVeterinary obstetrics
=949  \\$a1234899
=994  \\$aE0$bIWA
=999  \\$a1234899

