=LDR  01205cam  2200349Ka 4500
=001  001234910
=003  OCoLC
=005  20010227160200.0
=008  000111s1999\\\\sw\a\\\\\b\\\\000\0\eng\d
=020  \\$a9157654352
=035  \\$a(OCoLC)43255757
=035  9\$a1234910
=040  \\$aAGL$cAGL$dIWA
=049  \\$aIWAA
=070  0\$aSF615$b.A28 no. 57
=072  \0$aL210
=090  \\$aSF105.5$bJ36x 1999
=100  1\$aJanuskauskas, Aloyzas
=245  10$aAssessment of viability and function of post-thaw spermatozoa from Swedish dairy AI bulls /$cAloyzas Januskauskas.
=260  \\$aUppsala :$bSwedish University of Agricultural Sciences,$c1999.
=300  \\$a1 v. (various pagings) :$bill. ;$c24 cm.
=440  \0$aActa Universitatis Agriculturae Sueciae.$pVeterinaria$v57
=500  \\$aThesis based on 5 previously prepared or published papers reprinted here.
=502  \\$aThesis (doctoral)--Swedish University of Agricultural Sciences, 1999.
=504  \\$aIncludes bibliographical references.
=650  \0$aArtificial insemination
=650  \0$aBulls$xSpermatozoa.
=650  \0$aCattle$xSpermatozoa
=650  \0$aFrozen semen$xAnalysis.
=949  \\$a1234910
=994  \\$aE0$bIWA
=999  \\$a1234910

