=LDR  01092cam  2200289Ia 4500
=001  001234916
=003  OCoLC
=005  20000315103100.0
=008  000315s1999\\\\sw\a\\\\\b\\\\000\0\eng\d
=035  \\$a(OCoLC)43635457
=035  9\$a1234916
=040  \\$aIWA$cIWA
=049  \\$aIWAA
=090  \\$aQR186.82 H36x 1999
=100  1\$aHansson, Helene
=245  10$aMethodological aspects on anti-nuclear antibody determination in canine autoimmunity and in vitro studies of antigen-specific cellular responses /$cHelene Hansson.
=260  \\$aUppsala, Sweden :$bSwedish University of Agricultural Sciences,$c1999.
=300  \\$a1 v. (various pagings) :$bill. ;$c24 cm.
=440  \0$aActa Universitatis Agriculturae Sueciae.$pVeterinaria$v59
=500  \\$aThesis statement in Swedish and English abstract inserted.
=500  \\$aAuthor's thesis, based on 4 previously prepared or published papers reprinted here.
=504  \\$aIncludes bibliographical references.
=650  \0$aAutoantibodies
=650  \0$aAntinuclear factor$xAnalysis.
=949  \\$a1234916
=994  \\$aE0$bIWA
=999  \\$a1234916

