=LDR  01224ctm  2200313Ma 4500
=001  001236698
=003  OCoLC
=005  20000407133600.0
=008  891024s1992\\\\xx\a\\\\rb\\\\000\0\eng\d
=035  \\$a(OCoLC)30873290
=035  9\$a1236698
=040  \\$aNUI$cNUI$dIWA
=043  \\$an-us-ia
=049  \\$aIWAA
=090  \\$aLC2683.4 I24x 1992
=100  00$aIber, George Leland.
=245  10$aAcademic performance, acculturation and ethnic identity traits of first and second generation Mexican-American high school students in a rural Iowa town /$cby George Leland Iber.
=260  \\$c1992.
=300  \\$aviii, 162 leaves :$bill. ;$c28 cm.
=500  \\$aThesis (Ph. D.)--University of Iowa, 1992.
=504  \\$aIncludes bibliographical references (leaves 154-162).
=533  \\$aPhotocopy of typescript.$bAnn Arbor, Mich. :$cUniversity of Microfilms International,$d1992.$e28 cm.
=650  \0$aMexican American students$zIowa$zWest Liberty.
=650  \0$aAcademic achievement$zIowa$zWest Liberty.
=650  \0$aMexican American students$zIowa$zWest Liberty$xEthnic identity.
=650  \0$aMexican American students$xCultural assimilation$zIowa$zWest Liberty.
=949  \\$a1236698
=994  \\$aE0$bIWA
=999  \\$a1236698

