=LDR  01231cam  2200373Ka 4500
=001  001248562
=003  OCoLC
=005  20010227160200.0
=008  000302s1999\\\\sw\ab\\\\b\\\\000\0\eng\d
=020  \\$a9157659028
=035  \\$a(OCoLC)43559438
=035  9\$a1248562
=040  \\$aAGL$cAGL$dIWA
=041  0\$aeng$bvie
=049  \\$aIWAA
=070  0\$aSF615$b.A28 no. 66
=072  \0$aL823
=090  \\$aSF780.6$bH96x 1999
=100  1\$aHuong, Lam Thi Thu.
=245  10$aSarcocystis infections of the water buffalo in Vietnam /$cLam Thi Thu Huong.
=260  \\$aUppsala :$bSwedish University of Agricultural Sciences,$c1999.
=300  \\$a1 v. (various pagings) :$bill., map ;$c24 cm.
=440  \0$aActa Universitatis Agriculturae Sueciae.$pVeterinaria$v66
=500  \\$aThesis based on 4 previously prepared or published papers reprinted here.
=502  \\$aThesis (doctoral)--Swedish University of Agricultural Sciences, 1999.
=504  \\$aIncludes bibliographical references.
=546  \\$aSummary in Vietnese.
=650  \0$aSarcocystosis in animals
=650  \0$aSarcocystis
=650  \0$aVeterinary protozoology
=650  \0$aWater buffalo$xParasites.
=949  \\$a1248562
=994  \\$aE0$bIWA
=999  \\$a1248562

