=LDR  01372cam  2200361Ka 4500
=001  001248742
=003  OCoLC
=005  20010227160200.0
=008  000628s2000\\\\sw\a\\\\\b\\\\000\0\eng\d
=020  \\$z9157659100
=035  \\$a(OCoLC)44499326
=035  9\$a1248742
=040  \\$aAGL$cAGL$dIWA
=049  \\$aIWAA
=070  0\$aSF615$b.A28 no. 70
=072  \0$aL200
=090  \\$aSF201$bC47x 2000
=100  1\$aChacón, Jorge
=245  10$aBreeding soundness evaluation of Zebu bulls :$bwith special reference to variations in clinical parameters and sperm characteristics in sires extensively managed in the dry tropics of Costa Rica/$cJorge Chacón.
=260  \\$aUppsala :$bSwedish University of Agricultural Sciences,$c2000.
=300  \\$a1 v. (various pagings) :$bill. ;$c24 cm.
=440  \0$aActa Universitatis Agriculturae Sueciae.$pVeterinaria$v70
=500  \\$aErrata slip inserted.
=500  \\$aThesis based on 4 previously prepared or published papers reprinted here.
=502  \\$aThesis (doctoral)--Swedish University of Agricultural Sciences, 2000.
=504  \\$aIncludes bibliographical references.
=650  \0$aCattle$zCosta Rica$xBreeding.
=650  \0$aZebus$zCosta Rica$xReproduction.
=650  \0$aBulls$zCosta Rica$xInfertility.
=650  \0$aCattle$xSpermatoozoa$xMorphology.
=949  \\$a1248742
=994  \\$aE0$bIWA
=999  \\$a1248742

