=LDR  01176cam  2200349Ka 4500
=001  001255000
=003  OCoLC
=005  20010227160200.0
=008  000925s2000\\\\sw\a\\\\\b\\\\000\0\eng\d
=020  \\$a9157659168
=035  \\$a(OCoLC)45067887
=035  9\$a1255000
=040  \\$aAGL$cAGL$dIWA
=041  0\$aeng$bswe
=049  \\$aIWAA
=070  0\$aSF615$b.A28 no. 73
=072  \0$aL100
=090  \\$aSF494.5$bG96x 2000
=100  1\$aGunnarsson, Stefan.
=245  10$aLaying hens in loose housing systems :$bclinical, ethological and epidemiological aspects /$cStefan Gunnarsson.
=260  \\$aUppsala :$bSwedish University of Agricultural Sciences,$c2000.
=300  \\$a1 v. (various pagings) :$bill. ;$c24 cm.
=440  \0$aActa Universitatis Agriculturae Sueciae.$pVeterinaria$v73
=500  \\$aThesis based on 5 previously prepared or published papers reprinted here.
=502  \\$aThesis (doctoral)--Swedish University of Agricultural Sciences, 2000.
=504  \\$aIncludes bibliographical references.
=546  \\$aSummary in Swedish.
=650  \0$aPoultry$xHousing
=650  \0$aChickens$xHousing
=949  \\$a1255000
=994  \\$aE0$bIWA
=999  \\$a1255000

