=LDR  01213cam  2200337Ma 4500
=001  001257015
=003  OCoLC
=005  20010501142800.0
=008  000220s1999\\\\gw\\\\\\\b\\\\000\0\gersd
=020  \\$a3932212207
=035  \\$a(OCoLC)43494770
=035  9\$a1257015
=040  \\$aOHX$bger$cOHX$dIWA
=049  \\$aIWAA
=072  \7$aPT$2lcco
=090  \\$aPT2013 E5 B68x 1999
=100  00$aBotor, Michael.
=245  10$aGespräche mit Goethe :$bStudien zur Funktion und Geschichte eines biographischen Genres /$cMichael Botor.
=260  \\$aSiegen (Germany) :$bC. Böschen,$c1999.
=300  \\$a261, ix p. ;$c21 cm.
=440  \0$aKasseler Studien--Literatur, Kultur, Medien$vBd. 4
=500  \\$aThesis (doctoral)--Universität-Gesamthochschule Kassel, 1999.
=504  \\$aIncludes bibliographical references (p. 249-261).
=600  10$aGoethe, Johann Wolfgang von,$d1749-1832$tConversations
=600  00$aGoethe, Johann Wolfgang von,$d1749-1832$xFriends and associates.
=650  \0$aAuthors, German$y18th century$xBiography.
=650  \0$aAuthors, German$y19th century$xBiography.
=949  \\$a1257015
=994  \\$aE0$bIWA
=999  \\$a1257015
=938  \\$aOtto Harrassowitz$bHARR$nhar000739422$c78.00 DEM

