=LDR  01187cam  2200337Ka 4500
=001  001269109
=003  OCoLC
=005  20010104114200.0
=008  001013s2000\\\\sw\a\\\\\b\\\\000\0\eng\d
=020  \\$a9157659281
=035  \\$a(OCoLC)45170408
=035  9\$a1269109
=040  \\$aAGL$cAGL$dIWA
=049  \\$aIWAA
=070  0\$aSF615$b.A28 no. 79
=072  \0$aL833
=090  \\$aSF961$bT73x 2000
=100  1\$aTråvén, Madeleine
=245  10$aWinter dysentery caused by bovine coronavirus :$bno rule without an exception : diagnostics, clinical picture, epidemiology and herd immunity /$cMadeleine Tråvén.
=260  \\$aUppsala :$bSwedish University of Agricultural Sciences,$c2000.
=300  \\$a1 v. (various pagings) :$bill. ;$c24 cm.
=440  \0$aActa Universitatis Agriculturae Sueciae.$pVeterinaria$v79
=500  \\$aThesis based on 5 previously prepared or published papers reprinted here.
=502  \\$aThesis (doctoral)--Swedish University of Agricultural Sciences, 2000.
=504  \\$aIncludes bibliographical references.
=650  \0$aCattle$xViruses
=650  \0$aDysentery
=650  \0$aCoronaviruses
=949  \\$a1269109
=994  \\$aE0$bIWA
=999  \\$a1269109

