=LDR  01288cam  2200349Ka 4500
=001  001269133
=003  OCoLC
=005  20010103113300.0
=008  001013s2000\\\\sw\a\\\\\b\\\\000\0\eng\d
=020  \\$a9157659303
=035  \\$a(OCoLC)45170372
=035  9\$a1269133
=040  \\$aAGL$cAGL$dIWA
=049  \\$aIWAA
=070  0\$aSF615$b.A28 no. 80
=072  \0$aL210
=090  \\$aSF768.3$bM83x 2000
=100  1\$aMwanza, Alfred Malenga
=245  10$aOviductal isthmic motility and the effect of stress thereupon and on the endocrine status and ova transport of recently ovulated pigs /$cAlfred Malenga Mwanza.
=260  \\$aUppsala :$bSwedish University of Agricultural Sciences,$c2000.
=300  \\$a1 v. (various pagings) :$bill. ;$c24 cm.
=440  \0$aActa Universitatis Agriculturae Sueciae.$pVeterinaria$v80
=500  \\$aThesis based on 5 previously prepared or published papers reprinted here.
=502  \\$aThesis (doctoral)--Swedish University of Agricultural Sciences, 2000.
=504  \\$aIncludes bibliographical references.
=650  \0$aVeterinary endocrinology
=650  \0$aSows$xReproduction$xEndocrine aspects.
=650  \0$aSwine$xReproduction$xEndocrine aspects.
=650  \0$aOviduct$xPhysiology.
=949  \\$a1269133
=994  \\$aE0$bIWA
=999  \\$a1269133

