=LDR  01190cam  2200349Ka 4500
=001  001269159
=003  OCoLC
=005  20010227160200.0
=008  000929s2000\\\\sw\a\\\\\b\\\\000\0\eng\d
=035  \\$a(OCoLC)45094381
=035  9\$a1269159
=040  \\$aAGL$cAGL$dIWA
=049  \\$aIWAA
=070  0\$aSF615$b.A28 no. 82
=072  \0$aL100$aL300
=090  \\$aSF493.5$bB55x 2000
=100  1\$aBilčík, Boris.
=245  10$aFeather pecking in laying hens :$bsocial and development factors / Boris Bilčík.
=246  30$aSocial and developmental factors
=260  \\$aUppsala :$bSwedish University of Agricultural Sciences,$c2000.
=300  \\$a1 v. (various pagings) :$bill. ;$c24 cm.
=440  \0$aActa Universitatis Agriculturae Sueciae.$pVeterinaria$v82
=500  \\$aThesis based on 4 previously prepared or published papers reprinted here.
=502  \\$aThesis (doctoral)--Swedish University of Agricultural Sciences, 2000.
=504  \\$aIncludes bibliographical references.
=650  \0$aPoultry$xBehavior.
=650  \0$aChickens$xBehavior.
=650  \0$aPoultry$xPsychology.
=650  \0$aChickens$xPsychology.
=949  \\$a1269159
=994  \\$aE0$bIWA
=999  \\$a1269159

