=LDR  01216cam  2200337Ia 4500
=001  001269220
=003  OCoLC
=005  20000914144100.0
=008  000829s2000\\\\sw\a\\\\\b\\\\000\0\eng\d
=020  \\$a9157659362
=035  \\$a(OCoLC)44900787
=035  9\$a1269220
=040  \\$aIWA$cIWA
=049  \\$aIWAA
=090  \\$aSF768.2.H67 S38x 2000
=100  1\$aSchuback, Katarina
=245  10$aMuscle metabolic responses to maximal exercise in Standardbred trotters and effects of creatine and bicarbonate administration /$cKatarina Schuback.
=260  \\$aUppsala :$bSwedish University of Agricultural Sciences,$c2000.
=300  \\$a1 v. (various pagings) :$bill ;$c24 cm.
=440  \0$aActa Universitatis Agriculturae Sueciae.$pVeterinaria$v83
=500  \\$aThesis based on 5 previously prepared or published papers reprinted here.
=502  \\$aThesis (doctoral)--Sveriges lantbruksuniversitet, 2000.
=504  \\$aIncludes bibliographical references.
=650  \0$aHorses$xExercise$xPhysiological aspects.
=650  \0$aHorses$xPhysiology
=650  \0$aStriated muscle$xMetabolism.
=650  \0$aHorses$xMetabolism.
=650  \0$aBlood$xAnalysis
=949  \\$a1269220
=994  \\$aE0$bIWA
=999  \\$a1269220

