=LDR  01039cam  2200325Ia 4500
=001  001282397
=003  OCoLC
=005  20040520143500.0
=008  010711s2000\\\\fi\\\\\\\b\\\\000\0\swe\d
=020  \\$a9517650418
=035  \\$a(OCoLC)47280886
=035  9\$a1282397
=040  \\$aNYP$cNYP$dCUY$dIWA
=041  0\$aswe$beng
=043  \\$ae-sw---
=049  \\$aIWAA
=090  \\$aHD5115.6.S8 T74x 2000
=100  1\$aTreekrem, Arvid Leonard,$d1941-
=245  10$aAtt återerövra vardagen :$ben socialpedagogisk effektstudie av ett psyckosocialt rehabilitieringsprogram /$cArvid Leonard Treekrem.
=260  \\$aÅbo :$bÅbo Akademi University Press,$c2000.
=300  \\$a408, [22] p. ;$c25 cm.
=500  \\$aThesis t.p. inserted.
=502  \\$aThesis--Åbo akademi (1918- ), 2000.
=504  \\$aIncludes bibliographical references (p. 397-408).
=546  \\$aAbstract and summary in English.
=650  \0$aSick leave$zSweden.
=650  \0$aUnemployed$xRehabilitation$zSweden.
=949  \\$a1282397
=994  \\$aX0$bIWA
=999  \\$a1282397

