=LDR  01245cam  2200373Ia 4500
=001  001294206
=003  OCoLC
=005  20040526153900.0
=008  010606s2000\\\\sw\ab\\\\bm\\\000\0\swe\d
=020  \\$a9157657823
=035  \\$a(OCoLC)47079830
=035  9\$a1294206
=040  \\$aKKS$cKKS$dAGL$dOCLCQ$dIWA
=041  0\$aswe$beng
=043  \\$ae-sw---$ae-fi---
=049  \\$aIWAA
=070  0\$aS419$b.A28 no. 236
=072  \0$aF130
=072  \0$aK001
=090  \\$aSF99.F64 S56x 2000
=100  1\$aSlotte, Håkan
=245  10$aLövtäkt i Sverige och på Åland :$bmetoder och påverkan på landskapet /$cHåkan Slotte.
=260  \\$aUppsala :$bSwedish University of Agricultural Sciences,$c2000.
=300  \\$a1 v. (various pagings) :$bill. (some col.), maps ;$c24 cm.
=440  \0$aActa Universitatis Agriculturae Sueciae.$pAgraria$v236
=546  \\$aText in Swedish; abstracts in English.
=500  \\$aThesis based on four papers, which are included.
=502  \\$aThesis (doctoral)--Swedish University of Agricultural Sciences, 2000.
=504  \\$aIncludes bibliographical references.
=650  \0$aFodder trees$zSweden.
=650  \0$aFodder trees$zFinland$zÅland.
=949  \\$a1294206
=994  \\$aX0$bIWA
=999  \\$a1294206

