=LDR  01800cam  2200325Ia 4500
=001  001294219
=003  OCoLC
=005  20040527145900.0
=008  010508s2000\\\\sw\a\\\\\b\\\\000\0\eng\d
=020  \\$a9157657645
=035  \\$a(OCoLC)46896145
=035  9\$a1294219
=040  \\$aKKS$cKKS$dIWA
=049  \\$aIWAA
=090  \\$aSF396.5 A53x 2000
=100  00$aAndresen, Niels.
=245  14$aThe foraging pig :$bresource utilisation, interaction, performance and behaviour of pigs in cropping systems /$cNiels Andresen.
=260  \\$aUppsala [Sweden] :$bSwedish University of Agricultural Sciences,$c2000.
=300  \\$a1 v. (various pagings) :$bill. ;$c24 cm.
=440  \0$aActa Universitatis Agriculturae Sueciae.$pAgraria$v227
=500  \\$aThesis based on experience collected between 1994-2000 working with outdoor pigs and 4 papers, which are included in the volume.
=502  \\$aThesis (doctoral)--Swedish University of Agricultural Sciences, 2000.
=504  \\$aIncludes bibliographical references.
=505  2\$aEcological and conventional pig production : an analysis of resource flows and environmental dependency on farm scale level / Niels Andresen, Johanna Björklund, Torbjörn Rydberg -- Pigs on grassland : animal growth rate, tillage work and effects in the following winter wheat crop / Niels Andresen, Paul Ciszuk, Lars Ohlander -- Foraging behaviour of growing pigs on grassland in relation to stocking rate and feed crude protein level / Niels Andresen, Ingrid Redbo -- Performance, site preferences and foraging behaviour of growing pigs on pasture in relation to feed concentrate level / Niels Andresen, Susanne Stern.
=650  \0$aSwine$xFeeding and feeds
=650  \0$aForage
=650  \0$aCropping systems
=949  \\$a1294219
=994  \\$aX0$bIWA
=999  \\$a1294219

