=LDR  02198cam  2200349Ia 4500
=001  001294254
=003  OCoLC
=005  20040527141900.0
=008  010606s2000\\\\sw\a\\\\\bm\\\000\0\eng\d
=020  \\$a9157657491
=035  \\$a(OCoLC)47076624
=035  9\$a1294254
=040  \\$aKKS$cKKS$dAGL$dOCLCQ$dIWA
=049  \\$aIWAA
=070  0\$aS419$b.A28 no. 219
=072  \0$aX500
=090  \\$aQD543$bN37x 2000
=100  1\$aNäslund, Jan
=245  10$aSolvated trivalent metal ions in solution :$ba coordination chemistry study /$cJan Näslund.
=260  \\$aUppsala :$bSwedish University of Agricultural Sciences,$c2000.
=300  \\$a1 v. (various pagings) :$bill. ;$c24 cm.
=440  \0$aActa Universitatis Agriculturae Sueciae.$pAgraria$v219
=500  \\$aThesis based on five papers, which are included.
=502  \\$aThesis (doctoral)--Swedish University of Agricultural Sciences, 2000.
=504  \\$aIncludes bibliographical references.
=505  2\$aSolvation of the bismuth(III) ion by water, dimethylsulfoxide, N, N'-dimethylpropylene urea and N, N-dimethylthioformamide: an EXAFS, large angle X-ray scattering and crystallographic study / J. Näslund, I. Persson, M. Sandström -- Steric effects control the structure of the solvated lanthanum(III) ion in aqueous, dimethylsulfoxide and N, N'-dimethylpropylene urea solution: an EXAFS and large angle X-ray scattering study / Jan Näslund ... [et al.] -- Structure of the solvated yttrium(III) ion in the oxygen donor solvents dimethylsulfoxide, N, N'-dimethylformamide, and N, N'-dimethylpropylene urea: crystal structures of [Y(OsMe2)8]I3 and [Y(OCN2Me2(CH2)3)6]I3 / P. Lindqvist-Reis ... [et al.] -- On the structure of the solvated thallium(I) and thallium(III) ions) in aqueous, dimethylsulfoxide, N, N'-dimethylpropylene urea and N, N-dimethylthioformamide solution / J. Näslund, I. Persson, M. Sandström -- An EXAFS-study on the solvated gallium and indium ions in dimethylsulfoxide, N, N'-dimethylpropylene urea and N, N-dimethlythioformamide solution / J. Näslund, I. Persson.
=650  \0$aSolvation
=650  \0$aIonic solutions
=650  \0$aMetal ions
=949  \\$a1294254
=994  \\$aX0$bIWA
=999  \\$a1294254

