=LDR  01864cam  2200361Ia 4500
=001  001294255
=003  OCoLC
=005  20040527135700.0
=008  010606s2000\\\\sw\a\\\\\bm\\\000\0\eng\d
=020  \\$a9157657521
=035  \\$a(OCoLC)47076625
=035  9\$a1294255
=040  \\$aKKS$cKKS$dAGL$dOCLCQ$dIWA
=049  \\$aIWAA
=070  0\$aS419$b.A28 no. 221
=072  \0$aL100
=072  \0$aL300
=072  \0$aL500
=090  \\$aSF203 O46x 2000
=100  1\$aOlofsson, Jan
=245  10$aFeed availability and its effects on intake, production and behaviour in dairy cows /$cJan Olofsson.
=260  \\$aUppsala :$bSwedish University of Agricultural Sciences,$c2000.
=300  \\$a1 v. (various pagings) :$bill. (some col.) ;$c24 cm.
=440  \0$aActa Universitatis Agriculturae Sueciae.$pAgraria$v221
=500  \\$aThesis based on five papers, which are included.
=502  \\$aThesis (doctoral)--Swedish University of Agricultural Sciences, 2000.
=504  \\$aIncludes bibliographical references.
=505  2\$aCompetition for total mixed diets fed for ad libitum intake using one or four cows per feeding station / J. Olofsson -- Competition for total mixed diets fed restrictively using one or four cows per feeding station / Jan Olofsson and Hans Wiktorsson -- Individual performance of group-fed dairy cows at ad libitum versus restricted feeding of a total mixed diet / Jan Olofsson -- A comparison between manual prestimulation versus feeding stimulation during milking in dairy cows / Birgitta Johansson ... [et al.] -- Behaviour around feeding and milking and its relationship to social dominance of dairy cows in an automatic milking system / Jan Olofsson, Gunnar Pettersson and Hans Wiktorsson.
=650  \0$aDairy cattle$xFeeding and feeds
=650  \0$aDairy cattle$xBehavior.
=949  \\$a1294255
=994  \\$aX0$bIWA
=999  \\$a1294255

