=LDR  02208cam  2200373Ia 4500
=001  001294269
=003  OCoLC
=005  20040527145400.0
=008  010807s2000\\\\sw\a\\\\\bm\\\000\0\eng\d
=020  \\$a9157657556
=035  \\$a(OCoLC)47731794
=035  9\$a1294269
=040  \\$aKKS$cKKS$dAGL$dOCLCQ$dIWA
=043  \\$aw------
=049  \\$aIWAA
=070  0\$aS419$b.A28 no. 247
=072  \0$aL500
=072  \0$aL600
=090  \\$aSF396.5 B85x 2000
=100  1\$aBui, Huy Nhu Phuc.
=245  10$aTropical forages for growing pigs :$bdigestion and nutritive value /$cBui Huy Nhu Phuc.
=260  \\$aUppsala [Sweden] :$bSwedish University of Agricultural Sciences,$c2000.
=300  \\$a1 v. (various pagings) :$bill. ;$c24 cm.
=440  \0$aActa Universitatis Agriculturae Sueciae.$pAgraria$v247
=500  \\$aThesis based on 5 papers, which are included in the volume.
=502  \\$aThesis (doctoral)--Swedish University of Agricultural Sciences, 2000.
=504  \\$aIncludes bibliographical references.
=505  2\$aNutritive evaluation with rats of tropical biomass products for monogastrics: 1. Comparison of eight green products evaluated at two levels of inclusion in relation to a casein diet / Bui Huy Nhu Phuc ... [et al.] -- Nutritive evaluation with rats of tropical biomass products for monogastrics: 2. Effects of drying temperature, ensiling and level of inclusion of cassava leaves and sweet potato vines / Bui Huy Nhu Phuc ... [et al.] -- Ileal and total tract digestibility in growing pigs given cassava root meal diets with inclusion of cassava leaves, leucaena leaves and groundnut foliage / B.H.N. Phuc and J.E. Lindberg -- Ileal digestibility of amino acids in growing pigs fed a cassava root meal diets [sic] with inclusion of cassava leaves, leucaena leaves and groundnut foliage / B.H.N. Phuc and J.E. Lindberg -- Effect of replacing soybean protein with cassava leaf protein in cassava root meal based diets for growing pigs on digestibility and N retention / Bui Huy Nhu Phuc, B. Ogle, J.E. Lindberg.
=650  \0$aForage plants$zTropics.
=650  \0$aTropical crops
=650  \0$aSwine$xFeeding and feeds
=949  \\$a1294269
=994  \\$aX0$bIWA
=999  \\$a1294269

