=LDR  01583cam  2200313Ia 4500
=001  001295418
=003  OCoLC
=005  20011113161300.0
=008  010508s2000\\\\sw\a\\\\\b\\\\000\0\eng\d
=020  \\$a9157657688
=035  \\$a(OCoLC)46896309
=035  9\$a1295418
=040  \\$aKKS$cKKS$dIWA
=049  \\$aIWAA
=090  \\$aQK495.C9 A94x 2000
=100  1\$aAxelsson, Tomas
=245  10$aEvolution of polyploid Brassica genomes :$bgenome structure and the evolution of duplicated genes /$cTomas Axelsson.
=260  \\$aUppsala [Sweden] :$bSwedish University of Agricultural Sciences,$c2000.
=300  \\$a1 v. (various pagings) :$bill. ;$c24 cm.
=440  \0$aActa Universitatis Agriculturae Sueciae.$pAgraria$v229
=500  \\$aThesis based on 4 papers, which are included in the volume.
=502  \\$aThesis (doctoral)--Swedish University of Agricultural Sciences, 2000.
=504  \\$aIncludes bibliographical references.
=505  2\$aAmphidiploid Brassica juncea contains conserved progenitor genomes / T. Axelsson ... [et al.] -- Mapping of quantitative trait loci controlling seed aliphatic-glucosinolates in the A and B genomes of Brassica juncea / T. Axelsson, R. Mithen and U. Lagercrantz -- Multiple flowering time QTLs map to homologous positions within and between several Brassica species / T. Axelsson, O. Shavorskaya and U. Lagercrantz -- Rapid evolution of the family of CONSTANS LIKE genes in plants / Ulf Lagercrantz and Tomas Axelsson.
=650  \0$aBrassica$xGenetics.
=650  \0$aGene mapping
=949  \\$a1295418
=994  \\$aE0$bIWA
=999  \\$a1295418

