=LDR  01260cam  2200301Ia 4500
=001  001304845
=003  OCoLC
=005  20010423143300.0
=008  921117r19912001xx\a\\\\\b\\\\000\0\eng\d
=035  \\$a(OCoLC)26987189
=035  9\$a1304845
=040  \\$aUMC$cUMC$dIWA
=049  \\$aIWAA
=090  \\$aS544 G87x 1991
=100  00$aGustafson, Daniel J.
=245  10$aProgram management characteristics and agricultural extension performance :$ban examination of international extension project interventions /$cby Daniel John Gustafson.
=260  \\$c1991.
=300  \\$aix, 276 leaves :$bill. ;$c29 cm.
=500  \\$aThesis research directed by Dept. of Agricultural and Extension Education.
=502  \\$aThesis (Ph. D.)--University of Maryland at College Park, 1991.
=504  \\$aIncludes bibliographical references (leaves 258-276).
=533  \\$aPhotocopy.$bAnn Arbor, Mich. :$cUMI Dissertation Services,$d2001.$e23 cm.
=650  \0$aAgricultural extension work$xEvaluation.
=650  \0$aAgricultural development projects$xEvaluation.
=710  0\$aUniversity of Maryland at College Park.$bDept. of Agricultural and Extension Education.
=740  01$aExamination of international extension project interventions.
=994  \\$aE0$bIWA
=999  \\$a1304845

