=LDR  01154cam  2200325I  4500
=001  001315403
=003  OCoLC
=005  20061004170600.0
=008  731214s1924\\\\ilu\\\\\\\\\\\000\0\eng\u
=010  \\$a24003798
=035  \\$a(OCoLC)760020
=035  9\$a1315403
=040  \\$cRIU$dOCL$dOCLCQ$dIWA
=090  \\$aQH301 IL6 v.8 no.2
=090  \\$aQL391 N4 H471c
=100  1\$aHetherington, Duncan Charteris,$d1895-
=245  10$aComparative studies on certain features of nematodes and their significance,$cwith four plates and six text figures, by Duncan Charteris Hetherington.
=260  \\$a[Urbana,$bUniversity of Illinois,$cc1924]
=300  \\$a62 p.$bIV pl., diagrs.$c28 cm.
=490  1\$aIllinois biological monographs.$vvol. VIII, no. 2
=500  \\$a"Contributions from the Zoological laboratory of the University of Illinois...no. 223."
=500  \\$aThesis (Ph. D.) University of Illinois, 1922.
=500  \\$aThesis note no verso of t.-p.
=504  \\$aBibliography: p. 47-53.
=650  \0$aNematodes
=830  \0$aIllinois biological monographs$vv. 8, no. 2.
=949  \\$a1315403
=994  \\$aE0$bIWA
=999  \\$a1315403
=902  \\$axyz

