=LDR  01087cam  2200337I  4500
=001  001315526
=003  OCoLC
=005  20020306140100.0
=008  800411s1940\\\\ph\a\\\\\b\\\f000\0beng\\
=010  \\$a41017152
=035  \\$a(OCoLC)6192415
=035  9\$a1315526
=040  \\$aDLC$cCOO$dOCL$dIWA
=049  \\$aIWAA
=090  \\$aQK495 M87 W151r
=100  10$aWalker, Egbert H.$q(Egbert Hamilton),$d1899-
=245  12$aA revision of the eastern Asiatic Myrsinaceæ,$cby Egbert H. Walker.
=260  \\$aManila,$bBureau of Printing,$c1940.
=300  \\$a258 p., 1 l.$billus.$c27 cm.
=500  \\$aCover-title.
=500  \\$aThesis note in foot-note, p. [1]; also stamped on cover.
=500  \\$a"Separate from the Philippine journal of science ... volume 73, nos.1-2, September-October 1940."
=500  \\$aVita.
=502  \\$aThesis (Ph. D.)--Johns Hopkins University, 1940.
=504  \\$a"Literature cited": p. 243-247.
=650  \0$aMyrsinaceae
=650  \0$aBotany$zAsia.
=730  0\$aPhilippine Journal of Science.
=949  \\$a1315526
=994  \\$aE0$bIWA
=999  \\$a1315526

