=LDR  01080cam  2200337I  4500
=001  001319211
=003  OCoLC
=005  20061004170600.0
=008  731129s1915\\\\ilu\\\\\\\\\\\000\0\eng\u
=010  \\$a15022241
=035  \\$a(OCoLC)751574
=035  9\$a1319211
=040  \\$cRIU$dOCL$dOCLCQ$dIWA
=090  \\$aQH301 IL6 v.2 no.1
=090  \\$aQL545 F847c
=100  00$aFracker, Stanley Black,$d1889-
=245  14$aThe classification of lepidopterous larvae,$cwith ten plates, by Stanley Black Fracker.
=260  \\$a[Urbana,$bUniversity of Illinois,$cc1915]
=300  \\$a169 p.$bx pl.$c27 cm.
=440  \0$aIllinois biological monographs$vv. 2, no. 1
=500  \\$a"Contributions from the entomological laboratories of the University of Illinois, no. 43."
=500  \\$aThesis note on verso of t.-p.
=502  \\$aIssued also as Thesis (Ph. D.) University of Illinois, 1914.
=504  \\$aBibliography: p. 145-146.
=650  \0$aLepidoptera
=650  \0$aCaterpillars
=949  \\$a1319211
=994  \\$aE0$bIWA
=999  \\$a1319211
=019  \\$a13717967
=902  \\$axyz

