=LDR  01304cam  2200337Ia 4500
=001  001339229
=003  OCoLC
=005  20020916142500.0
=008  010720s2001\\\\gw\\\\\\\b\\\\000\0\gerod
=020  \\$a3826582926 (pbk.)
=035  \\$a(OCoLC)47632244
=035  9\$a1339229
=040  \\$aOHX$bger$cOHX$dOSU$dIWA
=049  \\$aIWAA
=090  \\$aPT2662 E7 Z539x 2001
=100  1\$aBetyna, Gabriele.
=245  10$aKritik, Reflexion und Ironie :$bfrühromantische Ästhetik und die Selbstreferentialität moderner Prosa ; Thomas Bernhard, Peter Handke und Botho Strauss /$cGabriele Betyna.
=246  30$aFrühromantische Ästhetik und die Selbstreferentialität moderner Prosa ; Thomas Bernhard, Peter Handke und Botho Strauss
=260  \\$aAachen :$bShaker,$c2001.
=300  \\$a300 p. ;$c21 cm.
=440  \0$aBerichte aus der Literaturwissenschaft
=500  \\$aThesis (doctoral) - Universität, Düsseldorf, 1998.
=504  \\$aIncludes bibliographical references (p. 293-300).
=600  10$aBernhard, Thomas$xCriticism and interpretation.
=600  10$aHandke, Peter$xCriticism and interpretation.
=600  10$aStrauss, Botho,$d1944-$xCriticism and interpretation.
=650  \0$aRomanticism$zGermany.
=650  \0$aAesthetics, German
=949  \\$a1339229
=994  \\$aX0$bIWA
=999  \\$a1339229

