=LDR  00837cam  2200277I  4500
=001  001342451
=003  OCoLC
=005  20011029142800.0
=007  hd\af--------
=008  940127s1961\\\\xx\a\\\\a\\\\\000\0\eng\d
=035  \\$a(OCoLC)29693756
=035  9\$a1342451
=040  \\$aGZM$cGZM$dOCL$dIWA
=049  \\$aIWAA
=090  \\$aTK2000 K7x microfilm
=100  1\$aKrause, Paul C.
=245  10$aSimulation techniques for unbalanced electrical machinery$h[microform]
=260  \\$c[1961]
=300  \\$a195 p. :$bill. ;$c24 cm.
=490  0\$aMic$v61-5051
=500  \\$aThesis (Ph. D.)--University of Kansas, 1961.
=504  \\$aBibliography: p. 189-190.
=533  \\$aMicrofilm of typescript.$bAnn Arbor, Mich.,$cUniversity Microfilms,$d1961.$e1 reel, positive, 35mm.
=650  \0$aElectric machinery
=994  \\$aE0$bIWA
=999  \\$a1342451

