=LDR  01214cam  2200337Ia 4500
=001  001350202
=003  OCoLC
=005  20020208114200.0
=008  020124s2001\\\\sw\a\\\\\b\\\\000\0\eng\d
=020  \\$a915765848X
=035  \\$a(OCoLC)48853852
=035  9\$a1350202
=040  \\$aIWA$cIWA
=049  \\$aIWAA
=090  \\$aSF757.5$bG37x 2001
=100  00$aGaraleviciene, Dalia.
=245  10$aMycotoxins and moulded feed :$beffects on laying hen and contamination of Lithuanian feeds /$cDalia Garaleviciene.
=260  \\$aUppsala, Sweden :$bSwedish University of Agricultural Sciences,$c2001.
=300  \\$a1 v. (various pagings) :$bill. ;$c24 cm.
=440  \0$aActa Universitatis Agriculturae Sueciae.$pAgraria$v294
=500  \\$aThesis statement in Swedish and English abstract inserted.
=500  \\$aBased on 4 previously prepared or published papers reprinted here.
=502  \\$aThesis (Ph. D.)--Sverges lantbruksuniversitet, 2001.
=504  \\$aIncludes bibliographical references.
=650  \0$aVeterinary toxicology
=650  \0$aMycotoxins$xPhysiological effect
=650  \0$aMycotoxicoses$xDiagnosis.
=650  \0$aFeeds$xContamination
=949  \\$a1350202
=994  \\$aE0$bIWA
=999  \\$a1350202

