=LDR  01221cam  2200349Ia 4500
=001  001350208
=003  OCoLC
=005  20011226095100.0
=008  011226s2000\\\\sw\a\\\\\b\\\\000\0\eng\d
=020  \\$a915765901X
=035  \\$a(OCoLC)48664302
=035  9\$a1350208
=040  \\$aIWA$cIWA
=049  \\$aIWAA
=090  \\$aSF768.2.S95$bA53x 2000
=100  1\$aAndersson, Håkan.
=245  10$aPhotoperiodism in pigs :$bstudies on timing of male puberty and melatonin /$cHåkan Andersson.
=260  \\$aUppsala :$bSwedish University of Agricultural Sciences,$c2000.
=300  \\$a1 v. (various pagings) :$bill. ;$c24 cm.
=440  \0$aActa Universitatis Agriculturae Sueciae.$pVeterinaria$v90
=500  \\$aThesis statement in Swedish and English abstract inserted.
=500  \\$aBased on 5 previously prepared or published papers reprinted here.
=500  \\$aIncludes bibliographical references.
=502  \\$aThesis (doctoral)--Sveriges lantbruksuniversitet, 2000.
=650  \0$aSwine$xPhysiology
=650  \0$aBoars$xPhysiology.
=650  \0$aMelatonin$xSecretion$xRegulation.
=650  \0$aPhotoperiodism
=650  \0$aLight$xPhysiological effect
=949  \\$a1350208
=994  \\$aE0$bIWA
=999  \\$a1350208

