=LDR  01245cam  2200349Ia 4500
=001  001350226
=003  OCoLC
=005  20011226133800.0
=008  011226s2001\\\\sw\a\\\\\b\\\\000\0\eng\d
=020  \\$a9157659370
=035  \\$a(OCoLC)48665126
=035  9\$a1350226
=040  \\$aIWA$cIWA
=049  \\$aIWAA
=090  \\$aSF967.M3$bB37x 2001
=100  1\$aBascuñan, Carlos Concha.
=245  10$aActivity of leukocytes in bovine mammary secretion and their responsiveness to mitogens and ginseng saponin /$cCarlos Concha Bascuñan.
=260  \\$aUppsala :$bSwedish University of Agricultural Sciences,$c2001.
=300  \\$a1 v. (various pagings) :$bill. ;$c24 cm.
=440  \0$aActa Universitatis Agriculturae Sueciae.$pVeterinaria$v108
=500  \\$aThesis statement in Swedish and English abstract inserted.
=500  \\$aBased on 5 previously prepared or published papers reprinted here.
=500  \\$aIncludes bibliographical references.
=502  \\$aThesis (doctoral)--Sveriges lantbruksuniversitet, 2001.
=650  \0$aMastitis
=650  \0$aImmune response$xRegulation
=650  \0$aLeucocytes
=650  \0$aTriterpenoid saponins$xImmunology.
=650  \0$aMitogens
=949  \\$a1350226
=994  \\$aE0$bIWA
=999  \\$a1350226

