=LDR  01133cam  2200313Ia 4500
=001  001350229
=003  OCoLC
=005  20020128143100.0
=008  020128s2001\\\\sw\a\\\\\b\\\\000\0\eng\d
=020  \\$a9157659273
=035  \\$a(OCoLC)48881087
=035  9\$a1350229
=040  \\$aIWA$cIWA
=049  \\$aIWAA
=090  \\$aQP609.C94$bP65x 2001
=100  1\$aPol, Ewa
=245  10$aMechanism of interaction of the mammalian cysteine protease inhibitors, Cystatin A and B, with target proteinases /$cEwa Pol.
=260  \\$aUppsala :$bSwedish University of Agricultural Sciences,$c2001.
=300  \\$a1 v. (various pagings) :$bill. ;$c24 cm.
=440  \0$aActa Universitatis Agriculturae Sueciae.$pVeterinaria$v103
=500  \\$aThesis statement in Swedish and English abstract inserted.
=500  \\$aBased on 4 previously prepared or published papers reprinted here.
=502  \\$aThesis (doctoral)--Sveriges lantbruksuniversitet, 2001.
=504  \\$aIncludes bibliographical references.
=650  \0$aCysteine proteinases$xInhibitors.
=650  \0$aProtease inhibitors
=949  \\$a1350229
=994  \\$aE0$bIWA
=999  \\$a1350229

