=LDR  01266cam  2200325Ia 4500
=001  001350231
=003  OCoLC
=005  20011226094500.0
=008  011226s2001\\\\sw\a\\\\\b\\\\000\0\eng\d
=020  \\$a9157659214
=035  \\$a(OCoLC)48664288
=035  9\$a1350231
=040  \\$aIWA$cIWA
=049  \\$aIWAA
=090  \\$aSF396.9$bT86x 2001
=100  1\$aTummaruk, Padet
=245  10$aReproductive performance of purebred Swedish Landrace and Swedish Yorkshire gilts and sows :$ba retrospective study with special reference to age at first mating, season, parity and weaning-to-first-service interval /$cPadet Tummaruk.
=260  \\$aUppsala :$bSwedish University of Agricultural Sciences,$c2001.
=300  \\$a1 v. (various pagings) :$bill. ;$c24 cm.
=440  \0$aActa Universitatis Agriculturae Sueciae.$pVeterinaria$v100
=500  \\$aThesis statement in Swedish and English abstract inserted.
=500  \\$aBased on 4 previously prepared or published papers reprinted here.
=500  \\$aIncludes bibliographical references.
=502  \\$aThesis (doctoral)--Sveriges lantbruksuniversitet, 2001.
=650  \0$aSwine$xBreeding
=650  \0$aSwine$xReproduction.
=650  \0$aSows$xReproduction.
=949  \\$a1350231
=994  \\$aE0$bIWA
=999  \\$a1350231

