=LDR  01219cam  2200349Ia 4500
=001  001355232
=003  OCoLC
=005  20050110111400.0
=008  020121s2001\\\\sw\a\\\\\bm\\\000\0\eng\d
=020  \\$a9157658102
=035  \\$a(OCoLC)49635881
=035  9\$a1355232
=040  \\$aCAI$cCAI$dOCLCQ$dAGL$dOCLCQ$dIWA
=049  \\$aIWAA
=070  0\$aS419$b.A28 no. 275
=072  \0$aF821
=072  \0$aL210
=090  \\$aQL537.C33$bH55x 2001
=100  1\$aHillbur, Ylva
=245  10$aTracking the tiny :$bidentification of the sex pheromone of the pea midge as prerequisite for pheromone-based montoring [i.e. monitoring] /$cYlva Hillbur.
=260  \\$aAlnarp :$bSwedish University of Agricultural Sciences,$c2001.
=300  \\$a1 v. (various pagings) :$bill. (some col.) ;$c24 cm.
=440  \0$aActa Universitatis Agriculturae Sueciae.$pAgraria$v275
=500  \\$aThesis statement in Swedish and English abstract inserted.
=502  \\$aThesis (doctoral)--Swedish University of Agricultural Sciences, 2001.
=504  \\$aIncludes bibliographical references.
=650  \0$aGall midges
=650  \0$aPheromones
=650  \0$aAgricultural pests$xControl
=949  \\$a1355232
=994  \\$aX0$bIWA
=999  \\$a1355232

