=LDR  01226cam  2200337Ia 4500
=001  001355267
=003  OCoLC
=005  20020228160000.0
=008  020228s2001\\\\sw\a\\\\\b\\\\000\0\eng\d
=020  \\$a9157658145
=035  \\$a(OCoLC)49218386
=035  9\$a1355267
=040  \\$aIWA$cIWA
=049  \\$aIWAA
=090  \\$aSB608.B2$bJ66x 2001
=100  1\$aJonsson, Rickard
=245  10$aBreeding for resistance to barley net blotch (pyrenophora teres) /$cRickard Jonsson.
=260  \\$aUppsala, Sweden :$bSwedish University of Agricultural Sciences,$c2001.
=300  \\$a1 v. (various pagings) :$bill. ;$c24 cm.
=440  \0$aActa Universitatis Agriculturae Sueciae.$pAgraria$v277
=500  \\$aThesis statement in Swedish and English abstract inserted.
=500  \\$aBased on 4 previously prepared or published papers reprinted here.
=502  \\$aThesis (Ph. D.)--Sverges lantbruksuniversitet, 2001.
=504  \\$aIncludes bibliographical references.
=650  \0$aBarley$xDisease and pest resistance$xGenetic aspects.
=650  \0$aBarley net-spot blotch disease$xGenetic aspects.
=650  \0$aPlant genetic engineering
=650  \0$aPyrenophora teres.
=949  \\$a1355267
=994  \\$aE0$bIWA
=999  \\$a1355267

