=LDR  01286cam  2200349Ia 4500
=001  001355313
=003  OCoLC
=005  20020305105700.0
=008  020305s2001\\\\sw\a\\\\\b\\\\000\0\eng\d
=020  \\$a9157657939
=035  \\$a(OCoLC)49242420
=035  9\$a1355313
=040  \\$aIWA$cIWA
=049  \\$aIWAA
=090  \\$aTD796.5$bB43x 2001
=100  1\$aBeck-Friis, Barbro Gunnarsdotter
=245  10$aEmissions of ammonia, nitrous oxide and methane during composting of organic household waste /$cBarbro Gunnarsdotter Beck-Friis.
=260  \\$aUppsala, Sweden :$bSwedish University of Agricultural Sciences,$c2001.
=300  \\$a1 v. (various pagings) :$bill. ;$c24 cm.
=440  \0$aActa Universitatis Agriculturae Sueciae.$pAgraria$v266
=500  \\$aThesis statement in Swedish and English abstract inserted.
=500  \\$aBased on 5 previously prepared or published papers reprinted here.
=502  \\$aThesis (Ph. D.)--Sverges lantbruksuniversitet, 2001.
=504  \\$aIncludes bibliographical references.
=650  \0$aRefuse and refuse disposal$xEnvironmental aspects.
=650  \0$aRefuse and refuse disposal$xBiodegradation
=650  \0$aCompost
=650  \0$aOrganic wastes
=650  \0$aAir$xPollution.
=949  \\$a1355313
=994  \\$aE0$bIWA
=999  \\$a1355313

