=LDR  01205cam  2200325Ia 4500
=001  001355317
=003  OCoLC
=005  20020226133000.0
=008  020226s2001\\\\sw\a\\\\\b\\\\000\0\eng\d
=020  \\$a9157658005
=035  \\$a(OCoLC)49200810
=035  9\$a1355317
=040  \\$aIWA$cIWA
=049  \\$aIWAA
=090  \\$aSF285.5$bK37x 2001
=100  1\$aKarlsson, Carina Palmgren
=245  10$aNutrient utilization in horses :$beffect of oat replacement on ration digestibility and metabolic parameters /$cCarina Palmgren Karlsson.
=260  \\$aUppsala, Sweden :$bSwedish University of Agricultural Sciences,$c2001.
=300  \\$a1 v. (various pagings) :$bill. ;$c24 cm.
=440  \0$aActa Universitatis Agriculturae Sueciae.$pAgraria$v270
=500  \\$aThesis statement in Swedish and English abstract inserted.
=500  \\$aBased on 4 previously prepared or published papers reprinted here.
=502  \\$aThesis (Ph. D.)--Sverges lantbruksuniversitet, 2001.
=504  \\$aIncludes bibliographical references.
=650  \0$aHorses$xFeeding and feeds
=650  \0$aHorses$xFeed utilization efficiency.
=650  \0$aHorses$xNutrition.
=949  \\$a1355317
=994  \\$aE0$bIWA
=999  \\$a1355317

