=LDR  01173cam  2200313Ia 4500
=001  001355324
=003  OCoLC
=005  20030509154900.0
=008  020226s2001\\\\sw\a\\\\\b\\\\000\0\eng\d
=020  \\$a9157658307
=035  \\$a(OCoLC)49201647
=035  9\$a1355324
=040  \\$aIWA$cIWA
=049  \\$aIWAA
=090  \\$aSF95.4.V5$bN48x 2001
=100  1\$aNguyen, Nhut Xuan Dung.
=245  10$aEvaluation of green plants and by-products from the Mekong delta with emphasis on fibre utilisation by pigs /$cNguyen Nhut Xuan Dung.
=260  \\$aUppsala, Sweden :$bSwedish University of Agricultural Sciences,$c2001.
=300  \\$a1 v. (various pagings) :$bill. ;$c24 cm.
=440  \0$aActa Universitatis Agriculturae Sueciae.$pAgraria$v285
=500  \\$aThesis statement in Swedish and English abstract inserted.
=500  \\$aBased on 4 previously prepared or published papers reprinted here.
=502  \\$aThesis (Ph. D.)--Sverges lantbruksuniversitet, 2001.
=504  \\$aIncludes bibliographical references.
=650  \0$aAnimal feeding$zVietnam.
=650  \0$aSwine$xFeed utilization efficiency$zVietnam.
=949  \\$a1355324
=994  \\$aE0$bIWA
=999  \\$a1355324

