=LDR  01169cam  2200325Ia 4500
=001  001355430
=003  OCoLC
=005  20020327162000.0
=008  020322s2001\\\\sw\a\\\\\b\\\\000\0\eng\d
=020  \\$a9157658234
=035  \\$a(OCoLC)49378921
=035  9\$a1355430
=040  \\$aCRL$cCRL$dFUG$dIWA
=043  \\$ae-sw---
=049  \\$aIWAA
=090  \\$aQL596.S3 V47x 2001
=100  1\$aVessby, Karolina
=245  10$aDistribution and reproduction of dung beetles in a varying environment :$bimplications for conservation of semi-natural grasslands /$cKarolina Vessby.
=260  \\$aUppsala, [Sweden] :$bSwedish University of Agricultural Sciences,$c2001.
=300  \\$a1 v. (various pagings):$bill. ;$c24 cm.
=500  \\$aThesis statement in Swedish and English abstract inserted.
=502  \\$aThesis (Ph. D.)--Swedish University of Agricultural Sciences, 2001.
=504  \\$aIncludes bibliographical references.
=650  \0$aDung beetles$zSweden$xReproduction.
=650  \0$aDung beetles$zSweden$xGeographical distribution.
=650  \0$aInsects$xBehavior$zSweden.
=650  \0$aHabitat selection
=949  \\$a1355430
=994  \\$aE0$bIWA
=999  \\$a1355430

