=LDR  01120cam  2200325Ia 4500
=001  001355434
=003  OCoLC
=005  20020321135800.0
=008  020321s2001\\\\sw\a\\\\\b\\\\000\0\eng\d
=020  \\$a9157658129
=035  \\$a(OCoLC)49360895
=035  9\$a1355434
=040  \\$aIWA$cIWA
=049  \\$aIWAA
=090  \\$aSF201$bR69x 2001
=100  1\$aRoxström, Anki
=245  10$aGenetic aspects of fertility and longevity in dairy cattle /$cAnki Roxström.
=260  \\$aUppsala :$bSwedish University of Agricultural Sciences,$c2001.
=300  \\$a1 v. (various pagings) :$bill. ;$c24 cm.
=440  \0$aActa Universitatis Agriculturae Sueciae.$pAgraria$v276
=500  \\$aThesis statement in Swedish and English abstract inserted.
=500  \\$aBased on 5 previously prepared or published papers reprinted here.
=502  \\$aThesis (doctoral)--Sveriges lantbruksuniversitet, 2001.
=504  \\$aIncludes bibliographical references.
=650  \0$aDairy cattle$xGenetics.
=650  \0$aDairy cattle$xFertility.
=650  \0$aDairy cattle$xLongevity.
=949  \\$a1355434
=994  \\$aE0$bIWA
=999  \\$a1355434

