=LDR  01163cam  2200313Ia 4500
=001  001355439
=003  OCoLC
=005  20020320144500.0
=008  020320s2001\\\\sw\a\\\\\b\\\\000\0\eng\d
=020  \\$a9157658196
=035  \\$a(OCoLC)49349299
=035  9\$a1355439
=040  \\$aIWA$cIWA
=049  \\$aIWAA
=090  \\$aSF203$bM35x 2001
=100  1\$aMai, Van Sanh.
=245  10$aEffects of feeding level and forage/concentrate ratio on milk production and performance of crossbred lactating cows /$cMai Van Sanh.
=260  \\$aUppsala, Sweden :$bSwedish University of Agricultural Sciences,$c2001.
=300  \\$a1 v. (various pagings) :$bill. ;$c24 cm.
=440  \0$aActa Universitatis Agriculturae Sueciae.$pAgraria$v304
=500  \\$aThesis statement in Swedish and English abstract inserted.
=500  \\$aBased on 4 previously prepared or published papers reprinted here.
=502  \\$aThesis (Ph. D.)--Sverges lantbruksuniversitet, 2001.
=504  \\$aIncludes bibliographical references.
=650  \0$aDairy cattle$xFeed utilization efficiency$zVietnam.
=650  \0$aMilk yield$zVietnam.
=949  \\$a1355439
=994  \\$aE0$bIWA
=999  \\$a1355439

