=LDR  01146cam  2200325Ia 4500
=001  001355442
=003  OCoLC
=005  20020314155300.0
=008  020314s2001\\\\sw\a\\\\\b\\\\000\0\eng\d
=020  \\$a9157658250
=035  \\$a(OCoLC)49317567
=035  9\$a1355442
=040  \\$aIWA$cIWA
=049  \\$aIWAA
=090  \\$aSF384.3$bN48x 2001
=100  1\$aNguyen, Thi Mui.
=245  10$aFeeding systems for goats based on foliages and whole sugar cane /$cNguyen Thi Mui.
=260  \\$aUppsala, Sweden :$bSwedish University of Agricultural Sciences,$c2001.
=300  \\$a1 v. (various pagings) :$bill. ;$c24 cm.
=440  \0$aActa Universitatis Agriculturae Sueciae.$pAgraria$v307
=500  \\$aThesis statement in Swedish and English abstract inserted.
=500  \\$aBased on 4 previously prepared or published papers reprinted here.
=502  \\$aThesis (Ph. D.)--Sverges lantbruksuniversitet, 2001.
=504  \\$aIncludes bibliographical references.
=650  \0$aGoats$xFeeding and feeds$zVietnam.
=650  \0$aSugarcane as feed$zVietnam.
=650  \0$aFodder trees$zVietnam.
=949  \\$a1355442
=994  \\$aE0$bIWA
=999  \\$a1355442

