=LDR  00831nam  2200289I  4500
=001  001391116
=003  OCoLC
=005  20020417082100.0
=008  750723s1974\\\\nhu\\\\\\\\\\\000\0\eng\d
=035  \\$a(OCoLC)1468829
=035  9\$a1391116
=040  \\$aYRM$cYRM$dOCL$dIWA
=049  \\$aIWAA
=090  \\$aNA2542 W5 C66x 1974
=100  1\$aCoonley, Douglas R.
=245  10$aDesign with wind,$cby Douglas R. Coonley.
=260  \\$aHarrisville, N.H.,$bTotal Environmental Action,$cc1974.
=300  \\$a148 p.$billus.$c28 cm.
=500  \\$aThesis (Master of Architecture)--M.I.T.
=504  \\$aBibliography: p. 142-148.
=650  \0$aArchitectural design
=650  \0$aArchitecture and energy conservation
=650  \0$aBuildings$xAerodynamics
=650  \0$aWind-pressure
=994  \\$aE0$bIWA
=999  \\$a1391116
=019  \\$a21779638

