=LDR  01173cam  2200349Ia 4500
=001  001408630
=003  OCoLC
=005  20020823142700.0
=008  020823s2002\\\\sw\a\\\\\b\\\\000\0\eng\\
=020  \\$a9157663866
=035  \\$a(OCoLC)50475368
=035  9\$a1408630
=040  \\$aIWA$cIWA
=049  \\$aIWAA
=090  \\$aRM870$bE95x 2002
=100  1\$aEuler, Henrik von
=245  10$aElectrochemical treatment of tumours /$cHenrik von Euler.
=260  \\$aUppsala :$bSwedish University of Agricultural Sciences,$c2002.
=300  \\$a1 v. (various pagings) :$bill. (some col.) ;$c24 cm.
=440  \0$aActa Universitatis Agriculturae Sueciae.$pVeterinaria$v133
=500  \\$aThesis based on 5 previously prepared or published papers reprinted here.
=502  \\$aThesis (doctoral)--Sveriges lantbruksuniversitet, 2002.
=504  \\$aIncludes bibliographical references.
=650  \0$aElectrotherapeutics
=650  \0$aElectrolysis in medicine
=650  \0$aTumors in animals$xTreatment.
=650  \0$aCancer in animals$xTreatment.
=650  \0$aSocial behavior in animals
=650  \0$aEggs$xProduction
=949  \\$a1408630
=994  \\$aX0$bIWA
=999  \\$a1408630

