=LDR  01273cam  2200349Ia 4500
=001  001408632
=003  OCoLC
=005  20020820145500.0
=008  020820s2002\\\\sw\a\\\\\b\\\\000\0\eng\\
=020  \\$a9157663505
=035  \\$a(OCoLC)50438635
=035  9\$a1408632
=040  \\$aIWA$cIWA
=049  \\$aIWAA
=090  \\$aSF493.5$bS38x 2002
=100  1\$aSchütz, Karin.
=245  10$aTrade-off in resource allocation between behaviour and production in fowl :$bphenotypic studies and QTL-analyses in red junglefowl, white leghorn and their F2-progeny /$cKarin Schütz.
=260  \\$aSkara :$bSwedish University of Agricultural Sciences,$c2002.
=300  \\$a1 v. (various pagings) :$bill. ;$c24 cm.
=440  \0$aActa Universitatis Agriculturae Sueciae.$pVeterinaria$v115
=500  \\$aThesis based on 4 previously prepared or published papers reprinted here.
=502  \\$aThesis (doctoral)--Swedish University of Agricultural Sciences, 2002.
=504  \\$aIncludes bibliographical references.
=650  \0$aPoultry$xBehavior.
=650  \0$aChickens$xBehavior.
=650  \0$aPoultry$xGenetics.
=650  \0$aChickens$xGenetics.
=650  \0$aSocial behavior in animals
=650  \0$aEggs$xProduction
=949  \\$a1408632
=994  \\$aX0$bIWA
=999  \\$a1408632

