=LDR  01019nam  2200313 a 4500
=001  001425732
=003  OCoLC
=005  20021126134900.0
=008  940325s1995\\\\idua\\\\\b\\\s001\0\eng\\
=010  \\$a94011075
=020  \\$z0839011711
=020  \\$a0893011711
=035  \\$a(OCoLC)30155052
=035  9\$a1425732
=040  \\$aDLC$cDLC$dC#P$dOCL$dNLC
=043  \\$an-cn-on
=049  \\$aIWAA
=050  00$aE99 C6 S715 1995
=100  1\$aSmith, Theresa S.,$d1956-
=245  14$aThe island of the Anishnaabeg :$bthunderers and water monsters in the traditional Ojibwe life-world /$cTheresa S. Smith.
=260  \\$aMoscow, Idaho :$bUniversity of Idaho Press,$c1995.
=300  \\$ax, 236 p. :$bill. ;$c23 cm.
=500  \\$aThesis (Ph. D.)--Boston University, 1990.
=504  \\$aIncludes bibliographical references (p. [205]-224) and index.
=650  \0$aOjibwa Indians$xReligion
=650  \0$aOjibwa mythology
=651  \0$aManitoulin Island (Ont.)$xReligious life and customs.
=994  \\$aX0$bIWA
=999  \\$a1425732

