=LDR  00773nam  2200253Mi 4500
=001  001440242
=003  OCoLC
=005  20030226134500.0
=008  021218s2002\\\\gw\\\\\\\\\\\\000\0\ger\d
=020  \\$a389791283X (Kt.) :$c26.00 EUR (freier Pr.)
=035  \\$a(OCoLC)51715124
=035  9\$a1440242
=040  \\$aZXW$bger$cZXW$dIWA
=049  \\$aIWAA
=099  \\$aGer 2002 E24
=100  00$aEberhardt, Tanja.
=245  10$aUntersuchungen zum Trinkverhalten gesunder und kranker Kälber an Tränkeautomaten /$cvon Tanja Eberhardt.
=260  \\$c2002.
=300  \\$a86 p. :$bill. ;$c21 cm.
=500  \\$aThesis (doctoral)--Ludwig-Maximilians-Universität München, 2002.
=500  \\$aSummary in English.
=504  \\$aIncludes bibliography.
=994  \\$aX0$bIWA
=999  \\$a1440242

