=LDR  01164cam  2200337Ia 4500
=001  001441992
=003  OCoLC
=005  20030312145200.0
=008  030312s2003\\\\sw\a\\\\\b\\\\000\0\eng\\
=020  \\$a9157663599
=035  \\$a(OCoLC)51845816
=035  9\$a1441992
=040  \\$aIWA$cIWA
=049  \\$aIWAA
=090  \\$aSF493.5$bO33x 2003
=100  1\$aOdén, Kristina.
=245  10$aFear and aggression in large flocks of laying hens :$beffects of sex composition /$cKristina Odén.
=260  \\$aSkara :$bSwedish University of Agricultural Sciences,$c2003.
=300  \\$a1 v. (various pagings) :$bill. ;$c24 cm.
=440  \0$aActa Universitatis Agriculturae Sueciae.$pVeterinaria$v144
=500  \\$aThesis based on 5 previously prepared or published papers reprinted here.
=502  \\$aThesis (doctoral)--Swedish University of Agricultural Sciences, 2003.
=504  \\$aIncludes bibliographical references.
=650  \0$aPoultry$xBehavior.
=650  \0$aChickens$xBehavior.
=650  \0$aFear in animals
=650  \0$aAggressive behavior in animals
=650  \0$aSocial behavior in animals
=949  \\$a1441992
=994  \\$aX0$bIWA
=999  \\$a1441992

