=LDR  01186cam  2200337Ia 4500
=001  001441997
=003  OCoLC
=005  20030312173100.0
=008  030312s2003\\\\sw\a\\\\\b\\\\000\0\eng\\
=020  \\$a9157663610
=035  \\$a(OCoLC)51846217
=035  9\$a1441997
=040  \\$aIWA$cIWA
=049  \\$aIWAA
=090  \\$aQP375.5$bP47x 2003
=100  1\$aPersson, Eva.
=245  10$aBioactivation and transport of foreign materials in the olfactory system /$cEva Persson.
=260  \\$aSkara :$bSwedish University of Agricultural Sciences,$c2003.
=300  \\$a1 v. (various pagings) :$bill. ;$c24 cm.
=440  \0$aActa Universitatis Agriculturae Sueciae.$pVeterinaria$v145
=500  \\$aThesis based on 5 previously prepared or published papers reprinted here.
=502  \\$aThesis (doctoral)--Swedish University of Agricultural Sciences, 2003.
=504  \\$aIncludes bibliographical references.
=650  \0$aBlood-brain barrier
=650  \0$aNeurotoxic agents$xPhysiological transport.
=650  \0$aHeavy metals$xPhysiological transport.
=650  \0$aAxonal transport
=650  \0$aOlfactory nerve$xPhysiology.
=949  \\$a1441997
=994  \\$aX0$bIWA
=999  \\$a1441997

