=LDR  00775cam  2200265K  4500
=001  001478832
=003  OCoLC
=005  20031223150200.0
=008  890711s1951\\\\sw\a\\\\\\\\\\000\0\eng\d
=035  \\$a(OCoLC)19993830
=035  9\$a1478832
=040  \\$aPPC$cPIT$dIWA
=049  \\$aIWAA
=090  \\$aQR201.A6$bN67x 1951
=100  1\$aNordberg, Bertel.
=245  10$aStudies of bacillus anthracis in regard to its properties of diagnostic and pathogenic importance.
=260  \\$aStockholm,$b[Gernandts]$c1951.
=300  \\$a116 p.$bill.$c25 cm.
=500  \\$aThesis statement in Swedish inserted.
=504  \\$aIncludes bibliographical references (P. 111-116).
=650  \0$aBacillus anthracis
=650  \0$aAnthrax
=949  \\$a1478832
=994  \\$aX0$bIWA
=999  \\$a1478832

