=LDR  01141nam  22003254a 4500
=001  001498300
=003  OCoLC
=005  20061129094600.0
=008  030501s2004\\\\hiu\\\\\\b\\\s001\0\eng\\
=010  \\$a2003010138
=020  \\$a0824825977 (alk. paper)
=035  \\$a(OCoLC)52182539
=035  9\$a1498300
=040  \\$aDLC$cDLC
=042  \\$apcc
=049  \\$aIWAA
=050  00$aPL2698 T83 H737 2004
=100  1\$aLi, Qiancheng
=245  10$aFictions of enlightenment :$bJourney to the west, Tower of myriad mirrors, and Dream of the red chamber /$cQiancheng Li.
=260  \\$aHonolulu :$bUniversity of Hawai'i Press,$cc2004.
=300  \\$axii, 250 p. ;$c24 cm.
=500  \\$aThesis (Ph. D.)--Washington University, 1999.
=504  \\$aIncludes bibliographical references (p. 217-242) and index.
=600  10$aDong, Yue,$d1620-1686.$tXi you bu.
=600  14$aWu, Cheng'en,$dca. 1500-ca. 1582.$tXi you ji.$lEnglish
=600  10$aCao, Xueqin,$dca. 1717-1763.$tHong lou meng.
=650  \0$aBuddhism in literature
=856  41$3Table of contents$uhttp://www.loc.gov/catdir/toc/ecip043/2003010138.html
=994  \\$aX0$bIWA
=999  \\$a1498300

