=LDR  01180cam  2200325Ia 4500
=001  001516865
=003  OCoLC
=005  20040802155500.0
=008  040723s2004\\\\sw\a\\\\\bm\\\000\0\eng\d
=020  \\$a9157664935
=035  \\$a(OCoLC)55999064
=035  9\$a1516865
=040  \\$aIWA$cIWA
=049  \\$aIWAA
=090  \\$aSB608.G6$bD78x 2004
=100  1\$aDruvefors, Ulrika Ädel.
=245  10$aYeast biocontrol of grain spoilage moulds :$bmode of action of Pichia anomala /$cUlrika Ädel Druvefors.
=260  \\$aUppsala [Sweden] :$bSwedish University of Agricultural Sciences,$c2004.
=300  \\$a1 v. (various pagings) :$bill. ;$c24 cm.
=440  \0$aActa Universitatis Agriculturae Sueciae.$pAgraria$v466
=500  \\$aThesis statement in Swedish and English abstract inserted.
=502  \\$aThesis (Ph. D.)--Swedish University of Agricultural Sciences, 2004.
=504  \\$aIncludes bibliographical references.
=650  \0$aGrain$xStorage$xDiseases and injuries$zSweden.
=650  \0$aGrain$xDiseases and pests$xBiological control$zSweden.
=650  \0$aPichia
=650  \0$aPhytopathogenic fungi$xControl.
=949  \\$a1516865
=994  \\$aX0$bIWA
=999  \\$a1516865

