=LDR  01209cam  2200325 a 4500
=001  001587798
=003  OCoLC
=005  20060815162000.0
=008  060524s2005\\\\sw\a\\\\\b\\\\000\0\eng\\
=020  \\$a9171550275
=035  \\$a(OCoLC)69243631
=035  9\$a1587798
=040  \\$aINU$cINU$dIWA
=049  \\$aIWAA
=090  \\$aHG3881 B588x 2005
=100  1\$aBonfiglioli, Alessandra.
=245  10$aEssays on financial markets and macroeconomics /$cby Alessandra Bonfiglioli.
=260  \\$aStockhom, Sweden :$bInstitute for International Economic Studies, Stockholm University,$c2005.
=300  \\$ax, 122 p. :$bill. ;$c25 cm.
=490  1\$aMonograph series / Institute for International Economic Studies, Stockholm University ;$vno. 51.
=500  \\$a"May 2005."
=500  \\$aThesis (Ph. D.)--Stockholm University, Dept. of Economics, 2005.
=504  \\$aIncludes bibliographical references.
=650  \0$aInternational finance
=650  \0$aMacroeconomics
=710  2\$aStockholms universitet.$bInstitutet för internationell ekonomi.
=830  \0$aMonograph series (Stockholms universitet. Institutet för internationell ekonomi)$vno. 51.
=949  \\$a1587798
=994  \\$aC0$bIWA
=999  \\$a1587798

