=LDR  03371cam  2200337Ia 4500
=001  001613601
=003  OCoLC
=005  20080815131800.0
=008  060707s2006\\\\sw\a\\\\\b\\\\000\0\eng\d
=035  \\$a(OCoLC)70261900
=035  9\$a1613601
=040  \\$aFUG$cFUG$dFUG$dIWA
=049  \\$aIWAA
=090  \\$aTD196.A75 P59x 2006
=100  1\$aPizzul, Leticia.
=245  10$aDegradation of polycyclic aromatic hydrocarbons by actinomycetes /$cLeticia Pizzul.
=260  \\$aUppsala :$bSwedish University of Agricultural Sciences,$c2006.
=300  \\$a1 v. (various pagings) :$bill. ;$c24 cm.
=490  1\$aActa Universitatis Agriculturae Sueciae. Doctoral thesis ;$v2006:50
=500  \\$aThesis statement in Swedish and English abstract inserted.
=502  \\$aThesis (doctoral)--Swedish University of Agricultural Sciences, 2006.
=530  \\$aAlso available on the World Wide Web.
=504  \\$aIncludes bibliographical references.
=520  3\$aThe potential of some actinomycetes to degrade polycyclic aromatic hydrocarbons (PAH) and the effect of co-substrates, plants and other additives on their degradation and bioavailability was studied. A glass bead system for growth of PAH-degrading actinomycetes in liquid culture was developed and used for the screening of strains for biosurfactant activity and phenanthrene degradation in the presence of different co-substrates. Indication of biosurfactant production by all tested strains was obtained with hexadecane and rapeseed oil as co-substrates but not with glucose. Rhodococcus sp. DSM 44126 was identified as R. wratislaviensis and found to be able to degrade phenanthrene and anthracene. An actinomycete with a high capacity to degrade phenanthrene and pyrene was isolated from an agricultural soil and identified as Mycobacterium LP1. The catabolic activity of both strains was studied in liquid cultures and in soil. Several additives were also tested for their effect on PAH degradation in soils. The surfactant Triton X-100, but not wheat straw, promoted PAH degradation in a soil with aged creosote by increasing the bioavailability of the compounds. The presence of plants increased the proportion of active microorganisms and enhanced PAH degradation, likely due to root exudates provided by the plants. In a PAH-spiked soil, the addition of rapeseed oil (1% w/w) stimulated the degradation of anthracene and benzo(a)pyrene mainly as a result of abiotic processes, but negatively affected the degradation of phenanthrene and pyrene, probably due to limitations in nutrient and oxygen supply. Based on these results, a new sequential treatment in two steps for cleaning PAH-contaminated soil was designed and tested using four different PAH as model substances. The first step consisted of the inoculation with Mycobacterium LP1, favouring biological degradation of low-molecular-weight PAH, and the second step consisted of the addition of rapeseed oil, which promoted the abiotic transformation, and probably also the solubilisation, of the high-molecular-weight PAH.
=650  \0$aPolycyclic aromatic hydrocarbons$xBiodegradation.
=650  \0$aActinomycetales
=830  \0$aActa Universitatis Agriculturae Sueciae$v2006:50.
=856  41$uhttp://diss-epsilon.slu.se/archive/00001118/01/thesi_ssummary.pdf$zConnect to this title online
=949  \\$a1613601
=994  \\$aC0$bIWA
=999  \\$a1613601

