=LDR  01926cam  2200361Ia 4500
=001  001613602
=003  OCoLC
=005  20060728134900.0
=008  060707s2006\\\\sw\a\\\\\b\\\\000\0\eng\d
=035  \\$a(OCoLC)70261569
=035  9\$a1613602
=040  \\$aFUG$cFUG$dIWA
=043  \\$ae-sw---
=049  \\$aIWAA
=090  \\$aTD196.H47 C43x 2006
=100  1\$aCederlund, Harald.
=245  14$aThe microbiology of railway tracks :$btowards a rational use of herbicides on Swedish railways /$cHarald Cederlund.
=260  \\$aUppsala :$bSwedish University of Agricultural Sciences,$c2006.
=300  \\$a1 v. (various pagings) :$bill. ;$c24 cm.
=490  1\$aActa Universitatis Agriculturae Sueciae. Doctoral thesis ;$v2006:44
=500  \\$aThesis statement in Swedish and English abstract inserted.
=502  \\$aThesis (doctoral)--Swedish University of Agricultural Sciences, 2006.
=530  \\$aAlso available on the World Wide Web.
=504  \\$aIncludes bibliographical references.
=520  \\$aSwedish railways are regularly treated with herbicides in order to keep the track beds free from weeds. However, finding appropriate preparations and dosages that provide a good weed control but that are still environmentally acceptable, has proven to be difficult. This thesis investigates some fundamental aspects of the microbiology of railways, such as amounts, activities and spatial distributions of microorganisms in the track bed, in order to provide the knowledge base for a more informed use of herbicides on railway tracks.
=650  \0$aHerbicides$xEnvironmental aspects$zSweden.
=650  \0$aWeeds$xControl$zSweden.
=650  \0$aRailroads$zSweden$xMaintenance and repair.
=830  \0$aActa Universitatis Agriculturae Sueciae$v2006:44.
=856  41$uhttp://diss-epsilon.slu.se/archive/00001096/01/Cederlund06.pdf$zConnect to this title online
=949  \\$a1613602
=994  \\$aC0$bIWA
=999  \\$a1613602

