=LDR  00762ntm  2200265Ia 4500
=001  001619543
=003  OCoLC
=005  20060801111200.0
=008  060801s1946\\\\xx\\\\\\\bm\\\000\0\eng\d
=035  \\$a(OCoLC)70791131
=035  9\$a1619543
=040  \\$aIWA$cIWA
=049  \\$aIWAA
=090  \\$aPS3523 E94 Z572x 1946
=100  1\$aFeinberg, Leonard,$d1914-
=245  10$aSinclair Lewis as a satirist /$cby Leonard Feinberg.
=260  \\$c1946.
=300  \\$a257 leaves ;$c23 cm.
=500  \\$aThesis (Ph. D.)--University of Illinois, Urbana 1946.
=500  \\$aTypescript (carbon copy).
=504  \\$aBibliography: leaves 250-257.
=600  10$aLewis, Sinclair,$d1885-1951$xCriticism and interpretation.
=650  \0$aSatire
=994  \\$aC0$bIWA
=999  \\$a1619543

