=LDR  01418cam  2200361Ia 4500
=001  001621741
=003  OCoLC
=005  20060922114100.0
=008  060609s2005\\\\gw\a\\\\\b\\\\000\0\eng\d
=016  7\$a973513608$2GyFmDB
=020  \\$a3825883973 (pbk.)
=035  \\$a(OCoLC)70063654
=035  9\$a1621741
=040  \\$aOHX$cOHX$dBAKER$dEMU$dIWA
=049  \\$aIWAA
=090  \\$aHD8039 C62 U639x 2005
=100  1\$aBudde, Rebecca
=245  10$aMexican and Central American L.A. garment workers :$bglobalized industries and their economic constraints /$cRebecca Budde.
=246  3\$aMexican and Central American Los Angeles garment workers
=260  \\$aMünster :$bLit ;$aPiscataway, NJ :$bdistributed in North America by Transaction Publishers,$cc2005.
=300  \\$a153 p. :$bill. ;$c21 cm.
=490  1\$aSoziologie und Anthropologie ;$vBd. 1
=500  \\$aThesis (doctoral) - Europa-Universität Viadrina Frankfurt an der Oder, 2004.
=504  \\$aIncludes bibliographical references (p. 75 - 85).
=650  \0$aClothing workers$zCalifornia$zLos Angeles.
=650  \0$aClothing trade$zCalifornia$zLos Angeles.
=650  \0$aForeign workers, Mexican$zCalifornia$zLos Angeles.
=650  \0$aForeign workers, Latin American$zCalifornia$zLos Angeles.
=830  \0$aSoziologie und Anthropologie (Lit (Firm))$vBd. 1.
=949  \\$a1621741
=994  \\$aC0$bIWA
=999  \\$a1621741
=029  0\$aOHX$bhar050016010

