=LDR  01226cam  2200349Ia 4500
=001  001623861
=003  OCoLC
=005  20070621133000.0
=008  070621s2006\\\\sw\a\\\\\b\\\\000\0\eng\d
=020  \\$a9172586869
=020  \\$a9789172586864
=035  9\$a1623861
=035  \\$a(OCoLC)144810294
=040  \\$aIWA$cIWA
=049  \\$aIWAA
=090  \\$aHG3751 G37x 2006
=100  1\$aGaspar, Raquel Medeiros,$d1976-
=245  10$aCredit risk & forward price models /$cRaquel Medeiros Gaspar.
=246  3\$aCredit risk and forward price models
=260  \\$aStockholm, Sweden :$bStockholm School of Economics ;$bERI, The Economic Research Institute,$c2006.
=300  \\$axviii, 293 p. :$bill. ;$c25 cm.
=500  \\$aOriginally presented as the author's thesis (doctoral)--Stockholm School of Economics, 2006.
=500  \\$aThesis t.p. inserted.
=500  \\$aErrata slip inserted.
=504  \\$aIncludes bibliographical references (p. 289-293).
=650  \0$aRisk management$xMathematical models.
=650  \0$aCommercial credit$xManagement$xMathematical models.
=650  \0$aFutures$xPrices$xMathematical models.
=650  \0$aBonds$xMathematical models.
=949  \\$a1623861
=994  \\$aC0$bIWA
=999  \\$a1623861

