=LDR  01362nam  2200385 a 4500
=001  001639439
=003  OCoLC
=005  20071023092200.0
=008  060621s2005\\\\sw\\\\\\\b\\\\001\0\swe\d
=010  \\$a2006421405
=020  \\$a9173465305
=020  \\$a9789173465304
=035  \\$a(OCoLC)60884594
=035  9\$a1639439
=040  \\$aNYP$cNYP$dDLC$dBAKER
=041  0\$aeng$ager
=042  \\$alccopycat
=049  \\$aIWAA
=050  00$aHQ1190 L47 2005
=100  1\$aLeppänen, Katarina.
=245  10$aRethinking civilisation in a European feminist context :$bhistory, nature, women in Elin Wägner's Väckarklocka /$cKatarina Leppänen.
=260  \\$a[Göteborg, Sweden] :$bDept. of History of Ideas and Theory of Science, Göteborg University :$bDistribution: Acta Universitatis Gothburgensis,$cc2005.
=300  \\$a261 p. ;$c25 cm.
=440  \0$aGothenburg studies in the history of science and ideas.$v18
=500  \\$aOriginally published as the author's dissertation.
=500  \\$aThesis t.p. and abstract (1 leaf) inserted.
=546  \\$aIncludes German appendix.
=504  \\$aIncludes bibliographical references and index.
=600  10$aWägner, Elin,$d1882-1949.$tVäckarklocka.
=650  \0$aFeminist theory
=650  \0$aEcofeminism
=650  \0$aMatriarchy
=650  \0$aNature and civilization.
=994  \\$aC0$bIWA
=999  \\$a1639439

