=LDR  03382cam  2200385Ia 4500
=001  001665379
=003  OCoLC
=005  20070620104300.0
=008  061107s2006\\\\sw\a\\\\\b\\\\000\0\eng\d
=020  \\$a915767129X
=020  \\$a9789157671295
=035  9\$a1665379
=035  \\$a(OCoLC)75286769
=040  \\$aFUG$cFUG$dFUG$dAGL$dIWA
=049  \\$aIWAA
=070  0\$aDISS$bF2006218
=090  \\$aQR82.S78 L36x 2006
=100  1\$aLannergård, Jonas
=245  10$aPotentially virulence-related extracellular proteins of Streptococcus equi /$cJonas Lannergård.
=246  3\$aPotentially virulence related extracellular proteins of Streptococcus equi
=260  \\$aUppsala :$bSwedish University of Agricultural Sciences,$c2006.
=300  \\$a1 v. (various pagings) :$bill. ;$c24 cm.
=440  \0$aActa Universitatis Agriculturae Sueciae$v2006:80
=500  \\$aThesis statement in Swedish and English abstract inserted.
=502  \\$aThesis (doctoral)--Swedish University of Agricultural Sciences, 2006.
=530  \\$aAlso available on the World Wide Web.
=504  \\$aIncludes bibliographical references.
=520  3\$aEquine strangles, a disease of the upper respiratory tract caused by the bacterium Streptococcus equi subspecies equi, is one of the most commonly diagnosed and serious diseases in horses. However, the molecular basis of S. equi subsp. equi infection is poorly understood and there are no safe and effective vaccines on the market. The main objective of this study was to identify and characterise extracellular proteins used by S. equi subsp. equi to initiate infection and cause disease. Extracellular proteins, which can be secreted or cell surface-located, play an important role in the initiation of infection and in continued bacterial survival inside the host. Adhesins are a specific class of virulence-related proteins that are used by the bacteria to attach to host tissues. This study focused on a number of cell-surface anchored proteins that specifically adhere to collagen and fibronectin, two major extracellular matrix proteins of vertebrates. The binding characteristics of the fibronectin-binding protein FNEB were compared to two previously studied fibronectin-binding proteins, FNE and SFS. A follow-up investigation showed that FNE and FNEB are part of a family of six similar proteins encoded by S. equi subsp. equi. One of the four novel proteins identified (FNEE) was shown to bind to fibronectin and all four to collagen. In another study, a secreted immunoglobulin-specific protease was characterised. This enzyme could be used by the bacteria to interfere with the immune response of the infected horse. A useful tool in this research was the public S. equi subsp. equi genome database, which can be used to identify homologues to virulence-related proteins of other pathogens. An applied objective of the present study was to identify potential components for a future vaccine against strangles. One of the collagen-binding proteins characterised (CNE) is currently being used in vaccination trials as a component of a protein subunit vaccine for horses.
=650  \0$aStreptococcus equi
=650  \0$aStrangles$xMicrobiology.
=650  \0$aHorses$xDiseases
=856  41$uhttp://diss-epsilon.slu.se/archive/00001224/01/JL_fin_0.pdf$zConnect to this title online
=949  \\$a1665379
=994  \\$aC0$bIWA
=999  \\$a1665379

