=LDR  01350nam  2200373Ia 4500
=001  001667099
=003  OCoLC
=005  20070625134300.0
=008  880621s1987\\\\sw\a\\\\\b\\\\000\0\eng\d
=020  \\$a9157631344
=020  \\$a9789157631343
=035  9\$a1667099
=035  \\$a(OCoLC)18117166
=040  \\$aIPL$cIPL$dIWA
=041  0\$aeng$bswe
=049  \\$aIWAA
=090  \\$aS651 M38x 1987
=100  1\$aMattsson, Lennart.
=245  10$aLong-term effects of N fertilizer on crops and soils =$bLångtidseffekter av kvävegödsling på gröda och mark /$cLennart Mattsson.
=260  \\$aUppsala :$bSveriges lantbruksuniversitet, Institutionen för markvetenskap, Avd. för växtnäringslära,$c1987.
=300  \\$a1 v. (various pagings) :$bill. ;$c24 cm.
=490  1\$aRapport = Report,$x0348-3541 ;$v170
=502  \\$aThesis (doctoral)--Sveriges lantbruksuniversitet, 1987.
=500  \\$aSummary in Swedish.
=500  \\$aThesis statement inserted.
=504  \\$aIncludes bibliographies.
=650  \0$aNitrogen fertilizers
=650  \0$aSoils$xNitrogen content
=650  \0$aPlants$xEffect of nitrogen on.
=740  01$aLångtidseffekter av kvävegödsling på gröda och mark.
=830  \0$aRapport (Sveriges lantbruksuniversitet. Avd för växtnäringslära)$v170.
=994  \\$aC0$bIWA
=999  \\$a1667099
=092  \\$a631.84$bM436L

