=LDR  01043cam  2200337Ia 4500
=001  001667984
=003  OCoLC
=005  20080304101400.0
=008  080304s2004\\\\gw\a\\\\\b\\\\000\0\eng\d
=020  \\$a386130404X
=020  \\$a9783861304043
=035  9\$a1667984
=035  \\$a(OCoLC)212752376
=040  \\$aIWA$cIWA$dIWA
=049  \\$aIWAA
=090  \\$aQD172.R2 A76x 2004
=100  1\$aArndt, Stefan.
=245  10$aNeutral and cationic rare earth metal alkyl complexes :$bsynthesis, characterization and polymerization catalysis /$cStefan Arndt.
=250  \\$a1. Aufl.
=260  \\$aAachen :$bMainz,$c2004.
=300  \\$av, 174 p. :$bill. ;$c21 cm.
=500  \\$aThesis page in German and English.
=502  \\$aThesis (doctoral)--Rheinisch-Westfälische Technische Hochschule Aachen, 2004.
=504  \\$aIncludes bibliographical references .
=650  \0$aRare earth metal compounds
=650  \0$aPolymerization
=650  \0$aRare earth metals
=949  \\$a1667984
=994  \\$aC0$bIWA
=999  \\$a1667984
=936  \\$aPR 76554989

