=LDR  01125ctm  2200313Ia 4500
=001  001692590
=003  OCoLC
=005  20080109094100.0
=008  080109s2007\\\\xx\a\\\\rbm\\\000\0\eng\d
=035  9\$a1692590
=035  \\$a(OCoLC)189678349
=040  \\$aIWA$cIWA
=049  \\$aIWAA
=090  \\$aTP339 Y8x 2007
=100  1\$aYu, Fei.
=245  10$aRenewable energy from corn residues by thermochemical conversion /$cFei Yu.
=260  \\$c2007.
=300  \\$axii, 126 p. :$bill.
=500  \\$aThesis (Ph. D.)--University of Minnesota.
=504  \\$aIncludes bibliographical references (p. 116-125).
=533  \\$aPhotocopy.$bAnn Arbor, Mich. :$cUMI Dissertation Services,$d2007.$e23 cm.
=530  \\$aAbstract and 24 page preview available online.
=650  \0$aCorn stover as fuel.
=650  \0$aAgricultural wastes as fuel
=650  \0$aBiomass conversion
=856  41$uhttp://proxy.lib.iastate.edu/login?url=http://gateway.proquest.com/openurl?url_ver=Z39.88-2004&rft_val_fmt=info:ofi/fmt:kev:mtx:dissertation&res_dat=xri:pqdiss&rft_dat=xri:pqdiss:3256892
=949  \\$a1692590
=994  \\$aC0$bIWA
=999  \\$a1692590

