=LDR  03147ctm  2200325Ka 4500
=001  001700919
=003  OCoLC
=005  20080624100000.0
=008  080317s2006\\\\xx\a\\\\rbm\\\000\0\eng\d
=035  9\$a1700919
=035  \\$a(OCoLC)213415178
=040  \\$aIWA$cIWA
=049  \\$aIWAA
=090  \\$aBF637.F67$bB45x 2007
=100  1\$aBellamy, Allen Reginald,$d1972-
=245  10$aInvestigating forgiveness in relation to offensive experiences among black and white respondents /$cAllen R. Bellamy.
=260  \\$c2006.
=500  \\$aThesis advisor: Warren H. Jones.
=502  \\$aThesis (Ph. D.) -- University of Tennessee, Knoxville, 2006.
=500  \\$aVita.
=520  3\$aThe primary focus of this dissertation was to investigate the degree to which Blacks and Whites are able to forgive their own and other ethnic groups for those who have offended them. In relation to forgiveness, furthermore, this project examined psychological and emotional variables such as anxiety, anger, racism, and forgiving personality among the participants. Four-hundred and eighty two participants were recruited for this study. Personal narrative accounts were obtained from participants who were asked to describe an offensive act committed by another person(s) with specifying details of the offender. Findings indicate that when controlling for Forgiving Personality and rated seriousness of the personal narratives, White respondents significantly rated the offenses of White offenders more seriously for which they were angrier than offenses of Black offenders. While the trend was the same for Black participants; Blacks significantly rated offenses of Black offenders more serious for which they were angrier than that of White offenders. Furthermore, Black males were the most forgiving for incidents in which they described as offensive more so than Black females, White males, and White females. White participants, reported higher levels of anxiety in relation to the incident for which they described significantly more so than Black participants. Females reported higher levels of anxiety in relation to the incident for which they described significantly more so than males. Black females reported higher levels of anger in relation to the incident for which they described significantly more so than White females. White males reported significantly higher levels of anger in relation to the incident for which they described more so than Black males. The author concludes that there is a profound difference being generally forgiving as a person and actually forgiving someone who has wronged you. In addition, there are emotional consequences in relation to forgiving someone who has transgressed against another.
=504  \\$aIncludes bibliographical references.
=533  \\$aPrintout.$b[Ames, Iowa :$cIowa State University, Printing Services,$d2007].$eviii, 93 p. ;$c28 cm.
=538  \\$aMode of access: World Wide Web.
=538  \\$aSystem requirements: Adobe Acrobat.
=650  \0$aForgiveness$xPsychological aspects.
=856  40$uhttp://etd.utk.edu/2006/BellamyAllen.pdf
=949  \\$a1700919
=994  \\$aC0$bIWA
=999  \\$a1700919

