=LDR  01376nam  2200385 a 4500
=001  001702498
=003  OCoLC
=005  20080318141400.0
=008  070430s2007\\\\sw\d\\\\\b\\\\001\0\eng\\
=010  \\$a2007416979
=020  \\$a9789155468019
=020  \\$a9155468012 (pbk.)
=035  9\$a1702498
=035  \\$a(OCoLC)100000692$z(OCoLC)123434755
=040  \\$aDLC$cDLC$dNDD$dOHX$dBAKER$dBTCTA$dNLGGC$dIXA
=043  \\$ae-uk---$an-usn--
=049  \\$aIWAA
=050  00$aPE1081 L55 2007
=100  1\$aLilja, Sara
=245  10$aGender-related terms in English depositions, examinations and journals, 1670-1720 /$cSara Lilja.
=260  \\$aUppsala, Sweden :$bUppsala Universtet,$cc2007.
=300  \\$a245 p. :$bcharts ;$c25 cm.
=440  \0$aActa Universitatis Upsaliensis.$pStudia Anglistica Upsaliensia.$v132
=500  \\$aThesis (Ph.D) - Uppsala University, 2007.
=504  \\$aIncludes bibliographical references (p. 225-231) and index.
=650  \0$aEnglish language$yEarly modern, 1500-1700$xHistory.
=650  \0$aEnglish language$y18th century$xHistory.
=650  \0$aEnglish language$xSex differences
=650  \0$aSex$xTerminology.$vTerminology.
=650  \0$aEnglish language$xAdjective
=650  \0$aSociolinguistics$zEngland$xHistory.
=650  \0$aSociolinguistics$zNew England$xHistory.
=994  \\$aC0$bIWA
=999  \\$a1702498
=019  \\$a123434755

