=LDR  01225cam  2200361Ka 4500
=001  001709174
=003  OCoLC
=005  20080815124800.0
=008  080815s2006\\\\xx\a\\\\\bm\\f000\0\eng\d
=035  9\$a1709174
=035  \\$a(OCoLC)243860204
=040  \\$aIWA$cIWA
=049  \\$aIWAA
=090  \\$aQA76.9.A25$bL37x 2006
=100  1\$aLaribee, Lena.
=245  10$aDevelopment of methodical social engineering taxonomy project /$cLena Laribee.
=260  \\$c2006.
=300  \\$axiv, 53 p. :$bcol. ill. ;$c28 cm.
=500  \\$aThesis Advisor(s): Craig H. Martell, Neil C. Rowe.
=500  \\$a"June 2006."
=502  \\$aThesis (M.S. in Computer Science)--Naval Postgraduate School, June 2006.
=504  \\$aIncludes bibliographical references (p. 49-52).
=506  \\$a"Approved for public release, distribution unlimited"--Cover.
=533  \\$aPrintout.$b[Ames, Iowa:$cIowa State Printing Services,$d2008].$exiv, 53 leaves;$c28 cm.
=650  \0$aSociological jurisprudence
=650  \0$aData protection
=650  \0$aComputer security
=650  \0$aSocial engineering
=650  \0$aComputers$xAccess control
=710  2\$aNaval Postgraduate School (U.S.)
=949  \\$a1709174
=994  \\$aC0$bIWA
=999  \\$a1709174

