=LDR  01243cam  2200349Ia 4500
=001  001714237
=003  OCoLC
=005  20080818162200.0
=008  080818s2008\\\\sw\a\\\\\bm\\\000\0\eng\d
=020  \\$a9789185913596
=020  \\$a9185913596
=035  9\$a1714237
=035  \\$a(OCoLC)244008577
=040  \\$aIWA$cIWA
=049  \\$aIWAA
=090  \\$aQR111 U54x 2008
=100  1\$aUnell, Maria.
=245  10$aPhysiological, genetic and proteomic characterization of Arthrobacter chlorophenolicus during growth on different phenolic substrates or temperatures /$cMaria Unell.
=260  \\$aUppsala :$bSwedish University of Agricultural Sciences,$c2008.
=300  \\$a1 v. (various pagings) :$bill. (some col.) ;$c24 cm.
=440  \0$aActa Universitatis Agriculturae Sueciae$v2008:26
=502  \\$aThesis (doctoral)--Swedish University of Agricultural Sciences, 2008.
=500  \\$aThesis documentation sheet inserted.
=500  \\$aIncludes three papers and one manuscript co-authored with others.
=504  \\$aIncludes bibliographical references.
=650  \0$aSoil microbiology
=650  \0$aProteomics$xBacteria.
=650  \0$aBioremediation
=949  \\$a1714237
=994  \\$aC0$bIWA
=999  \\$a1714237
=936  \\$aPR 228078049

