=LDR  01178cam  2200349 a 4500
=001  001716468
=003  OCoLC
=005  20080624162500.0
=008  071220s2008\\\\ne\a\\\\\b\\\\001\0\eng\\
=010  \\$a2007051472
=020  \\$a9789027254184 (hardback : alk. paper)
=020  \\$a9027254184 (hardback : alk. paper)
=035  9\$a1716468
=035  \\$a(OCoLC)185123401$z(OCoLC)185033404
=040  \\$aDLC$cDLC$dBAKER$dBTCTA$dYDXCP$dCDX$dC#P$dBWX$dOHX$dIWA
=049  \\$aIWAA
=050  00$aHE7551 H49 2008
=100  1\$aHeyd, Theresa
=245  10$aEmail hoaxes :$bform, function, genre ecology /$cTheresa Heyd.
=260  \\$aAmsterdam ;$aPhiladelphia :$bJohn Benjamins Pub. Co.,$cc2008.
=300  \\$avii, 239 p. :$bill. ;$c25 cm.
=490  1\$aPragmatics & beyond ;$vnew ser., v. 174
=500  \\$aThesis (Ph. D.)--Heinrich-Heine-Universität, 2007.
=504  \\$aIncludes bibliographical references (p. [217]-223) and index.
=650  \0$aElectronic mail systems
=650  \0$aImpostors and imposture
=830  \0$aPragmatics & beyond$vnew ser., 174.
=949  \\$a1716468
=994  \\$aC0$bIWA
=999  \\$a1716468
=019  \\$a185033404
=029  1\$aOHX$bhar085009717

