=LDR  00994ntm  2200313Ka 4500
=001  001720695
=003  OCoLC
=005  20100308154100.0
=008  080728s1907\\\\xx\ae\\\\bm\\\000\0\eng\d
=035  9\$a1720695
=035  \\$a(OCoLC)236195621
=040  \\$aIWA$cIWA
=049  \\$aIWAA
=099  \\$aC Ob 1907 Dale
=100  1\$aDale, R. B.
=245  10$aReport of engine efficiency test at Ames, Iowa /$cby R. B. Dale, A. C. Perrin.
=260  \\$c1907.
=300  \\$a9, [16] leaves :$bill., plans ;$c29 cm.
=502  \\$aThesis (Bachelors degree)--Iowa State University, 1907.
=500  \\$aClearly marked "M.E" (Mechanical Engineering?) on cover.
=500  \\$aThesis and authors do not appear on 1906-1908 commencement programs.
=504  \\$aIncludes index.
=583  \\$aCataloged;$c7/2008,$kkhg.
=650  \0$aEngines$xTesting.
=650  \0$aMechanical efficiency$xTesting.
=690  \4$aMechanical engineering course.
=700  1\$aPerrin, A. C.
=994  \\$aC0$bIWA
=999  \\$a1720695

