=LDR  01078cam  2200337Ka 4500
=001  001726252
=003  OCoLC
=005  20080904151700.0
=008  930909s1993\\\\ne\a\\\\\bm\\\000\0\eng\\
=016  7\$aB9332701$2bccb
=035  9\$a1726252
=035  \\$a(OCoLC)28770324
=040  \\$aAGL$cAGL$dOCLCQ$dNLGGC$dIWA
=041  0\$aeng$hdut
=049  \\$aIWAA
=090  \\$aSF396.5 M34x 1993
=100  1\$aMakkink, Caroline A.$q(Caroline Annette),$d1962-
=245  10$aOf piglets, dietary proteins, and pancreatic proteases /$cCaroline A. Makkink.
=260  \\$a[Wageningen :$bs.n.,$c1993]
=300  \\$a168 p. :$bill. ;$c24 cm.
=500  \\$aThesis statement, foreword, summary, and vita in Dutch.
=502  \\$aThesis (PhD.)--Landbouwuniversiteit te Wageningen, 1993.
=504  \\$aIncludes bibliographical references.
=650  \0$aPiglets$xNutrition$xRequirements.
=650  \0$aPiglets$xFeeding and feeds.
=650  \0$aPiglets$xDigestive organs.
=650  \0$aSwine$xPhysiology
=949  \\$a1726252
=994  \\$aC0$bIWA
=999  \\$a1726252
=029  1\$aNLGGC$b104254181

