=LDR  00976ntm  2200289Ka 4500
=001  001726847
=003  OCoLC
=005  20091116124200.0
=008  930210s1992\\\\xx\a\\\\\bm\\\000\0\eng\\
=035  9\$a1726847
=035  \\$a(OCoLC)27411334
=040  \\$aAGL$cAGL$dKKS$dOCLCQ$dNLGGC
=041  0\$aeng$bdut
=049  \\$aIWAA
=070  0\$aDISS$bF1992095
=090  \\$aSF396.5 B33x 1992
=100  00$aBabinszky, László.
=245  10$aEnergy metabolism and lactation performance of primiparous sows as affected by dietary fat and vitamin E /$cL. Babinszky.
=260  \\$a[Wangeningen ;$bLandbouwuniversiteit te Wageningen?],$c[1992]
=300  \\$a159 p. :$bill. ;$c24 cm.
=500  \\$aThesis statement, foreword, summary, and vita in Dutch.
=502  \\$aThesis (doctoral)--Landbouwuniversiteit te Wageningen, 1992.
=504  \\$aIncludes bibliographical references.
=650  \0$aSows$xMilk production.
=650  \0$aSows$xMetabolism.
=994  \\$aC0$bIWA
=999  \\$a1726847

