=LDR  01179ctm  2200325Ka 4500
=001  001745247
=003  OCoLC
=005  20090420223300.0
=008  090420s2007\\\\xx\a\\\\rbm\\\000\0\eng\d
=035  9\$a1745247
=035  \\$a(OCoLC)318814239
=040  \\$aIWA$cIWA
=049  \\$aIWAA
=090  \\$aTP248 B55 Z43x 2009
=100  1\$aZhao, Qun.
=245  10$aSolid acidic catalysts for the production of bio-substitutes for petrochemical intermediates /$cQun Zhao.
=260  \\$cc2007.
=500  \\$aThesis (M.S.)--Concordia University, Montreal.
=530  \\$aAbstract and 24 page preview available online.
=504  \\$aIncludes bibliographical references (p. 82-86).
=533  \\$aPhotocopy.$bAnn Arbor, Mich. :$cProQuest,$d[2009?].$exiv, 86 p. : ill. ; 23 cm.
=650  \0$aBiomass chemicals
=650  \0$aAlkenes
=650  \0$aCatalysis
=650  \0$aIntermediates (Chemistry)
=650  \0$aBiomass conversion
=856  41$uhttp://proxy.lib.iastate.edu/login?url=http://proquest.umi.com/pqdlink?index=2&did=1570413881&SrchMode=1&sid=1&Fmt=2&VInst=PROD&VType=PQD&RQT=309&VName=PQD&TS=1212597226&clientId=60760
=949  \\$a1745247
=994  \\$aC0$bIWA
=999  \\$a1745247

