=LDR  01384ntm  2200349Ka 4500
=001  001749346
=003  OCoLC
=005  20090115131400.0
=008  090115s1908\\\\iau\\\\\\bm\\\000\0\eng\d
=035  9\$a1749346
=035  \\$a(OCoLC)298456206
=040  \\$aIWA$cIWA
=049  \\$aIWAA
=099  \\$aC Ob 1908 Kinnebrew
=100  1\$aKinnebrew, Claud.
=245  12$aA physical and chemical analysis of pumpkins, and :$bA chemical analysis of sugar beets & mangels /$cby Claud Kinnebrew.
=246  30$aChemical analysis of sugar beets & mangels.
=246  33$aPart I: A physical and chemical analysis of pumpkins.
=246  33$aPart II: A chemical analysis of sugar beets & mangels.
=260  \\$c1908.
=300  \\$a[15, 8] leaves, chiefly folded ;$c29 cm.
=502  \\$aThesis (Bachelors degree)--Iowa State University, 1908.
=500  \\$aThesis consists of two studies, individually titled and numbered Part I and Part II, but only issued in a single binding. Part I deals with pumpkin, Part II deals with sugar beets and mangels.
=500  \\$aCourse of study from 1908 Iowa State College (University) commencement program.
=583  \\$aCataloged;$c1/2009,$kkhg.
=650  \0$aPumpkin$xAnalysis.
=650  \0$aSugar beet$xAnalysis.
=650  \0$aMangel-wurzel$xAnalysis.
=650  \0$aFeeds$xAnalysis
=690  \\$aAgronomy course.
=994  \\$aC0$bIWA
=999  \\$a1749346

