=LDR  00888cam  2200253I  4500
=001  001795481
=003  OCoLC
=005  20131114114246.0
=008  720623s1920\\\\cau\\\\\\\\\\\000\0\eng\d
=035  9\$a1795481
=035  \\$a(OCoLC)339439
=040  \\$aOUN$cOUN$dIWA
=090  \\$aQA1 C12m v.1 no.14
=100  1\$aBarter, John D.$q(John Douglas),$d1889-
=245  14$aThe homogeneous vector function and determinants of the P-th class /$cby John Douglas Barter.
=260  \\$aBerkeley :$bUniversity of California press,$c[1920].
=300  \\$a321-343 p. ;$c23 cm.
=490  1\$aUniversity of California publications in mathematics,$vv. 1, no. 14
=500  \\$aCover-title.
=500  \\$aThesis (Ph. D.)--University of California, 1917.
=650  \0$aVector analysis
=830  \0$aUniversity of California publications in mathematics (1912)$vv. 1, no. 14.
=994  \\$aC0$bIWA
=999  \\$a1795481

