=LDR  00953cam  2200265I  4500
=001  001795482
=003  OCoLC
=005  20131114114148.0
=008  720731s1923\\\\cau\\\\\\\\\\\000\0\eng\d
=035  9\$a1795482
=035  \\$a(OCoLC)369691
=040  \\$aOUN$cOUN$dOCL$dIWA
=090  \\$aQA1 C12m v.1 no.17
=100  1\$aWong, Bing Chin,$d1890-
=245  12$aA study and classification of ruled quartic surfaces by means of a point-to-line transformation /$cby Bing Chin Wong.
=260  \\$aBerkeley :$bUniversity of California press,$c[1923].
=300  \\$a[371]-387 p. ;$c23 cm.
=490  1\$aUniversity of California publications in mathematics,$vv. 1, no. 13
=500  \\$aCover-title.
=500  \\$aThesis (Ph. D.)--University of California, 1922.
=650  \0$aSurfaces, Quardics.
=650  \0$aTransformations (Mathematics)
=830  \0$aUniversity of California publications in mathematics (1912)$vv. 1, no. 17.
=994  \\$aC0$bIWA
=999  \\$a1795482

