=LDR  00858nam  2200253I  4500
=001  001795483
=003  OCoLC
=005  20131114114129.0
=008  720718s1923\\\\cau\\\\\\\\\\\000\0\eng\d
=035  9\$a1795483
=035  \\$a(OCoLC)359143
=040  \\$aOUN$cOUN$dIWA
=090  \\$aQA1 C12m v.1 no.18
=100  1\$aMcFarland, Elsie Jeannette,$d1897-
=245  12$aA special quartic curve /$cby Elsie Jeannette McFarland.
=260  \\$aBerkeley :$bUniversity of California press,$c[1923].
=300  \\$a[389]-400 p. :$bdiagr. ;$c23 cm.
=490  1\$aUniversity of California publications in mathematics,$vv. 1, no. 18
=500  \\$aCover-title.
=500  \\$aThesis (Ph. D.)--University of California, 1920.
=650  \0$aCurves, Quartic
=830  \0$aUniversity of California publications in mathematics (1912)$vv. 1, no. 18.
=994  \\$aC0$bIWA
=999  \\$a1795483

