=LDR  00865nam  2200253I  4500
=001  001795492
=003  OCoLC
=005  20131114115420.0
=008  720718s1924\\\\cau\\\\\\\\\\\000\0\eng\d
=035  9\$a1795492
=035  \\$a(OCoLC)359144
=040  \\$aOUN$cOUN$dIWA
=090  \\$aQA1 C12m v.2 no.1
=100  1\$aSznyter, Mary Helen,$d1893-
=245  14$aThe hypersurface of the second degree in four-dimensional space /$cby Mary Helen Sznyter.
=260  \\$aBerkeley :$bUniversity of California press,$c1924.
=300  \\$a18 p. ;$c23 cm.
=490  1\$aUniversity of California publications in mathematics,$vv. 2, no. 1
=500  \\$aThesis (Ph. D.)--University of California, 1918.
=504  \\$aBibliography: p. 18.
=650  \0$aHyperspace
=830  \0$aUniversity of California publications in mathematics (1912)$vv. 2, no. 1.
=994  \\$aC0$bIWA
=999  \\$a1795492

