=LDR  00847cam  2200253I  4500
=001  001795499
=003  OCoLC
=005  20131114115357.0
=008  720718s1925\\\\cau\\\\\\\\\\\000\0\eng\d
=035  9\$a1795499
=035  \\$a(OCoLC)359149
=040  \\$aOUN$cOUN$dOCLCG$dIWA
=090  \\$aQA1 C12m v.2 no.2
=100  1\$aSkarstedt, Marcus,$db. 1884
=245  14$aThe normal quartic curve of four-space /$cby Marcus Skarstedt.
=260  \\$a[Berkeley :$bUniversity of California press,$c1925].
=300  \\$a[19]-34 p. ;$c23 cm.
=490  1\$aUniversity of California publications in mathematics,$vv. 2, no. 2
=500  \\$aThesis (Ph. D.)--University of California, 1924.
=650  \0$aHyperspace
=650  \0$aCurves, Quartic
=830  \0$aUniversity of California publications in mathematics (1912)$vv. 2, no. 2.
=994  \\$aC0$bIWA
=999  \\$a1795499

