=LDR  00867nam  2200253I  4500
=001  001795501
=003  OCoLC
=005  20131114115337.0
=008  720626s1926\\\\cau\\\\\\\\\\\000\0\eng\d
=035  9\$a1795501
=035  \\$a(OCoLC)342224
=040  \\$aOUN$cOUN$dIWA
=090  \\$aQA1 C12m v.2 no.3
=100  1\$aBell, Clifford,$d1898-
=245  14$aThe triangles in-and-circumscribed to the quartic curves of deficiency zero /$cby Clifford Bell.
=260  \\$a[Berkeley :$bUniversity of California press,$c1926].
=300  \\$a[35]-53 p. ;$c23 cm.
=490  1\$aUniversity of California publications in mathematics,$vv. 2, no. 3
=500  \\$aThesis (Ph. D.)--University of California, 1925.
=650  \0$aCurves, Quartic
=650  \0$aTriangle
=830  \0$aUniversity of California publications in mathematics (1912)$vv. 2, no. 3.
=994  \\$aC0$bIWA
=999  \\$a1795501

