=LDR  01896nam  2200409 a 4500
=001  001805782
=003  OCoLC
=005  20100211080900.0
=006  m\\\\\\\\d\f\\\\\\
=007  cr\bn|||||||||
=008  091201s1997\\\\orua\\\\sb\\\f000\0\eng\c
=035  9\$a1805782
=035  \\$a(OCoLC)471730548
=040  \\$aGPO$cGPO$dMvI
=042  \\$apcc
=043  \\$an-usp--
=049  \\$ainet$lWWW
=074  \\$a0083-B-06 (online)
=086  0\$aA 13.88:PNW-GTR-414
=100  1\$aCarey, Andrew B.
=245  10$aCognitive styles of Forest Service scientists and managers in the Pacific Northwest$h[electronic resource] /$cAndrew B. Carey.
=260  \\$aPortland, OR :$bU.S. Dept. of Agriculture, Forest Service, Pacific Northwest Research Station,$c[1997]
=300  \\$a1 online resource (20 p.) :$bill.
=490  1\$aGeneral technical report PNW ;$vGTR-414
=500  \\$aTitle from PDF title screen (PNRS, viewed Aug. 24, 2009).
=500  \\$a"Thesis presented to the graduate faculty, Central Washington University, in partial fulfillment of the requirements for the degree of Master of Science, Organization Development"--T.p. verso.
=500  \\$a"December 1997."
=504  \\$aIncludes bibliographical references (p. 16-20).
=610  10$aUnited States.$bForest Service$xOfficials and employees.
=650  \0$aForests and forestry$zPacific States.
=650  \0$aCognitive styles
=776  08$iPrint version:$aCarey, Andrew B.$tCognitive styles of Forest Service scientists and managers in the Pacific Northwest.$h20 p.$w(OCoLC)38825650
=776  08$iMicrofiche:$aCarey, Andrew B.$tCognitive styles of Forest Service scientists and managers in the Pacific Northwest.$h1 microfiche$w(OCoLC)39612231
=710  2\$aPacific Northwest Research Station (Portland, Or.)
=830  \0$aGeneral technical report PNW$v414.
=856  40$uhttp://purl.access.gpo.gov/GPO/LPS117054
=999  \\$a1805782

