=LDR  01471nam  2200397Ia 4500
=001  001812354
=003  OCoLC
=005  20101011111200.0
=008  101011s2006\\\\ne\a\\\\\bm\\\000\0\eng\d
=020  \\$a9789068093902
=020  \\$a9068093908
=035  9\$a1812354
=035  \\$a(OCoLC)669459850
=040  \\$aIWA$cIWA
=041  0\$aeng$bdut$beng$bger
=043  \\$aew-----
=049  \\$aIWAA
=090  \\$aHX694 M45x 2006
=100  1\$aMeijering, Louise
=245  10$aMaking a place of their own :$brural intentional communities in Northwest Europe /$cLouise Meijering.
=260  \\$aUtrecht :$bRoyal Dutch Geographical Society ;$aGroningen :$bFaculty of Spatial Sciences, University of Groningen,$c2006.
=300  \\$a171 p. :$bill. ;$c24 cm.
=490  1\$aNederlandse geografische studies / Netherlands geographical studies,$x0169-4839 ;$v349
=500  \\$aThesis (Ph. D.)--Rijksuniversiteit te Groningen, 2006.
=504  \\$aIncludes bibliographical references (p. 137-149).
=546  \\$aPreface in Dutch; summaries in Dutch, English, and German.
=650  \0$aCollective settlements$zEurope, Western.
=650  \0$aCommunal living$zEurope, Western.
=650  \0$aUrban-rural migration$zEurope, Western.
=650  \0$aRural population$zEurope, Western.
=650  \0$aAlternative lifestyles$zEurope, Western.
=830  \0$aNederlandse geografische studies$v349.
=949  \\$a1812354
=994  \\$aC0$bIWA
=999  \\$a1812354
=939  \\$aPR 150298654

