=LDR  01164nam  2200313Ka 4500
=001  001813866
=003  OCoLC
=005  20110211141200.0
=008  110126s2008\\\\xx\a\\\\rb\\\\000\0\eng\d
=035  9\$a1813866
=035  \\$a(OCoLC)698377860
=040  \\$aIWA$cIWA
=049  \\$aIWAA
=090  \\$aTK1541 Q53x 2009
=100  1\$aQiao, Wei,$d1975 Apr. 21-
=245  10$aIntegrated control of wind farms, facts devices and the power network using neural networks and adaptive critic designs /$cby Wei Qiao.
=260  \\$c2008.
=500  \\$aThesis (Ph. D.)--Georgia Institute of Technology, 2008.
=530  \\$aAbstract and 24 page preview available online.
=504  \\$aIncludes bibliographical references (p. 291-305).
=500  \\$aVita.
=533  \\$aPhotocopy.$bAnn Arbor, MI :$cUMI ProQuest,$dc2009.$exxix, 306 p. : ill. (some col.) ; 23 cm.
=650  \0$aWind power plants
=650  \0$aAdaptive control systems
=650  \0$aNeural networks (Computer science)
=856  41$uhttp://proquest.umi.com.proxy.lib.iastate.edu:2048/pqdweb?did=1906323581&s9s=1&Fmt=2&clientid=60760&RQT=309&VName=PQD
=949  \\$a1813866
=994  \\$aC0$bIWA
=999  \\$a1813866

