=LDR  01062nam  2200289Ka 4500
=001  001813893
=003  OCoLC
=005  20110211141300.0
=008  110126s2009\\\\xx\a\\\\rb\\\\000\0\eng\d
=035  9\$a1813893
=035  \\$a(OCoLC)698377934
=040  \\$aIWA$cIWA
=049  \\$aIWAA
=090  \\$aTJ828 E56x 2009
=100  1\$aEnnis, Brandon L.
=245  10$aExperimental investigation into the effects of blade number on wind turbine rotor aeroacoustics and performance /$cby Brandon L. Ennis.
=260  \\$c2009.
=500  \\$aThesis (Ph. D.)--Purdue University, 2009.
=530  \\$aAbstract and 24 page preview available online.
=504  \\$aIncludes bibliographical references (p. 78-79).
=533  \\$aPhotocopy.$bAnn Arbor, Mich. :$cUMI ProQuest,$dc2009.$ex, 83 p. : ill. (chiefly col.) ; 23 cm.
=650  \0$aWind turbines$xNoise.
=650  \0$aRotors$xNoise.
=856  41$uhttp://proquest.umi.com.proxy.lib.iastate.edu:2048/pqdweb?did=1912271991&s9s=1&Fmt=2&clientid=60760&RQT=309&VName=PQD
=949  \\$a1813893
=994  \\$aC0$bIWA
=999  \\$a1813893

