=LDR  01420ntm  2200349Ia 4500
=001  001814545
=005  20110928134045.0
=008  110914s2004\\\\xx\a\\\\rbm\\\000\0\eng\d
=035  9\$a1814545
=035  \\$a(OCoLC)752329084
=040  \\$aIWA$cIWA
=049  \\$aIWAA
=090  \\$aTP339 F36x 2004
=100  00$aFan, Zhiliang.
=245  10$aConversion of paper sludge to ethanol and analysis of selection based strain improvement for recombinant Saccharomyces cerevisiae expressing saccharolytic enzymes through continuous culture /$cby Zhiliang Fan.
=260  \\$c2004.
=300  \\$ax, 194, [58] p. :$bill. (some col.)
=500  \\$aThesis (Ph. D.)--Dartmouth College, 2004.
=530  \\$aAbstract, full text PDF, and 24 page preview available online.
=504  \\$aIncludes bibliographical references (p. 175-194).
=533  \\$aPhotocopy.$bAnn Arbor, MI :$cUMI ProQuest,$dc2004.$e23 cm.
=650  \0$aPaper industry$xTechnological innovations.
=650  \0$aSaccharomyces cerevisiae$xGenetics.
=650  \0$aEnzymes$xIndustrial applications.
=650  \0$aBiomass conversion.
=650  \0$aBiomass energy.
=650  \0$aWaste paper$xRecycling.
=650  \0$aEthanol as fuel.
=856  41$uhttp://proxy.lib.iastate.edu/login?URL=http://proquest.umi.com.proxy.lib.iastate.edu:2048/pqdweb?did=765831961&sid=1&Fmt=2&clientId=60760&RQT=309&VName=PQD
=949  \\$a1814545
=949  \\$a1814545
=994  \\$aC0$bIWA

