=LDR  01123ntm  2200313Ka 4500
=001  001822280
=003  OCoLC
=005  20100603130400.0
=008  100603s1911\\\\iauae\\\\bm\\\000\0\eng\d
=035  9\$a1822280
=035  \\$a(OCoLC)636666407
=040  \\$aIWA$cIWA
=049  \\$aIWAA
=099  \\$aC Ob 1911 Heiple Goodrich
=100  1\$aHeiple, E. W.
=245  10$aDesign of a sanitary sewerage system for Reinbeck, Iowa /$cpresented by E. W. Heiple, I. E. Goodrich.
=260  \\$c1911.
=300  \\$a19, 10 leaves, 10 folded :$bill., plans ;$c29 cm.
=502  \\$aThesis (Bachelors degree)--Iowa State University, 1911.
=500  \\$aThesis not listed in the 1911 Iowa State College (University) graduation program.
=583  \\$aCataloged;$c5/2010,$kkhg.
=650  \0$aSewage disposal plants$zIowa$zReinbeck$xDesign and construction.
=650  \0$aSewerage$zIowa$zReinbeck$xDesign and construction.
=650  \0$aPublic utilities$zIowa$zReinbeck$xDesign and construction.
=650  \0$aSanitary engineering
=690  \\$aCivil engineering course.
=700  1\$aGoodrich, I. E.
=994  \\$aC0$bIWA
=999  \\$a1822280

