=LDR  00907ntm  2200277Ka 4500
=001  001826200
=003  OCoLC
=005  20100713130100.0
=008  100713s1911\\\\iauabe\\\bm\\\000\0\eng\d
=035  9\$a1826200
=035  \\$a(OCoLC)647335332
=040  \\$aIWA$cIWA
=049  \\$aIWAA
=099  \\$aC Ob 1911 Martinson
=100  1\$aMartinson, W.
=245  10$aTypes and principles of modern aeroplanes /$cby W. Martinson.
=260  \\$c1911.
=300  \\$a[35] leaves, some folded :$bill., photos., plans ;$c29 cm.
=502  \\$aThesis (Bachelors degree)--Iowa State University, 1911.
=500  \\$aThesis not included in 1911 Iowa State College (University) graduation program.
=583  \\$aCataloged;$cJuly 2010;$kKristin H. Gerhard.
=650  \0$aAirplanes$y20th century$vPhotographs.
=650  \0$aAeronautics$y20th century.
=690  \\$aCivil engineering course.
=994  \\$aC0$bIWA
=999  \\$a1826200

