=LDR  01572ntm  2200373Ka 4500
=001  001829602
=003  OCoLC
=005  20100810123200.0
=008  100810s1911\\\\iau\\\\\\bm\\\000\0\eng\d
=035  9\$a1829602
=035  \\$a(OCoLC)654443169
=040  \\$aIWA$cIWA
=049  \\$aIWAA
=099  \\$aC Ob 1911 Wylbur Wylie
=100  1\$aWilbur, William E.
=245  12$aA report on the management of The Iowa engineer for the year 1910-11 /$cWm. E. Wilbur, Paul E. Wylie.
=246  33$aIowa engineer.
=260  \\$c1911.
=300  \\$a5 leaves, 403 pp., some folded :$bill. ;$c23 cm.
=500  \\$aCover title.
=502  \\$aThesis (Bachelors degree)--Iowa State University, 1911.
=500  \\$aAlternative title from 1911 Iowa State College (University) graduation program: Iowa Engineer.
=500  \\$aThesis consists of a five page report submitted by the editor-in-chief (Wylie) and business manager (Wilbur) followed by the complete vol. 11, with a full table of contents.
=500  \\$a"Published monthly during the college year by the students and faculty of the Engineering Division, Iowa State College, Ames, Iowa."
=583  \\$aCataloged;$cAugust 2010;$kKristin H. Gerhard.
=610  10$aIowa State College.$bEngineering Division$xPeriodicals$xManagement.
=630  00$aIowa engineer$xManagement.
=650  \0$aEngineering$vPeriodicals$xManagement.
=650  \0$aMechanical engineering$vPeriodicals$xManagement.
=690  \\$aCivil engineering course.
=700  0\$aWylie, Paul E.
=730  02$aIowa engineer.
=994  \\$aC0$bIWA
=999  \\$a1829602

