=LDR  01166cam  2200337Ia 4500
=001  001840021
=005  20110930113147.0
=008  100719s2010\\\\ne\ad\\\\bm\\\000\0\eng\d
=010  \\$a2011372273
=020  \\$a9789068094398
=020  \\$a9068094394
=035  9\$a1840021
=035  \\$a(OCoLC)648793351
=040  \\$aGZN$cGZN$dCDX$dDLC$dIWA
=049  \\$aIWAA
=090  \\$aSD390.7 C55 B76x 2010
=100  1\$aBrolsma, Reinder Jacob.
=245  10$aEffect of climate change on temperate forest ecosystems /$cReinder Jacob Brolsma.
=260  \\$aUtrecht :$bRoyal Dutch Geographical Society ;$bFaculty of Geosciences, Utrecht University,$c2010.
=300  \\$a157 p. :$bill., charts ;$c24 cm.
=490  1\$aNederlandse geografische studies / Netherlands geographical studies,$x0169-4839 ;$v396
=500  \\$aThesis (Ph. D.)--Utrecht University, 2010.
=504  \\$aIncludes bibliographical references (p. 145-151).
=650  \0$aForest ecology.
=650  \0$aForest hydrology.
=650  \0$aClimatic changes.
=650  \0$aTemperate climate.
=650  \0$aGroundwater.
=830  \0$aNederlandse geografische studies$v396.
=949  \\$a1840021
=994  \\$aC0$bIWA

