=LDR  00944cam  2200265I  4500
=001  001842656
=003  OCoLC
=005  20131114114207.0
=008  720802s1923\\\\cau\\\\\\b\\\\000\0\eng\d
=035  9\$a1842656
=035  \\$a(OCoLC)372452
=040  \\$aOUN$cOUN$dOCL$dOCLCG$dIWA
=090  \\$aQA1 C12m v.1 no.16
=100  1\$aWolfe, Clyde Lynne Earle,$db. 1885
=245  10$aOn the indeterminate cubic equation x3+Dy3+D2z3-3Dxyz=1 /$cby Clyde Lynne Earle Wolfe.
=260  \\$aBerkeley :$bUniversity of California press,$c[1923].
=300  \\$a[359]-369 p. ;$c23 cm.
=490  1\$aUniversity of California publications in mathematics,$vv. 1, no. 16
=500  \\$aOriginal cover-title.
=500  \\$aThesis (Ph. D.)--University of California, 1919.
=504  \\$a"Literature cited": p. 369.
=650  \0$aEquations, Cubic
=830  \0$aUniversity of California publications in mathematics (1912)$vv. 1, no. 16.
=994  \\$aC0$bIWA
=999  \\$a1842656

