=LDR  00377nam  2200121 a 4500
=001  001848607
=005  20110120091800.0
=008  \\\\\\s2004\\\\\\\\\\\\\\\\\\000\\\eng\d
=035  9\$a1848607
=245  00$aCharacterization of microbial life colonizing biochar and biochar-amended soils /$cby Hongyan Jin.
=260  \\$c2010.
=500  \\$aThesis (Ph.D.)--Cornell University, May 2010.
=999  \\$a1848607

