=LDR  01039cam  2200289I  4500
=001  001850682
=003  OCoLC
=005  20110217133700.0
=008  760205s1949\\\\mdu\\\\\\b\\\\001\0\eng\\
=010  \\$a50007323
=035  9\$a1850682
=035  \\$a(OCoLC)1970102
=040  \\$aDLC$cZQM$dZQM$dOCL$dOCLCG$dSTF$dUBY$dZWZ$dGEBAY$dIWA
=043  \\$ae-fr---
=090  \\$aH31 J62s v.66 no.2
=100  1\$aKing, James E.$q(James Edward),$d1916-
=245  10$aScience and rationalism in the government of Louis XIV, 1661-1683.
=260  \\$aBaltimore,$bJohns Hopkins Press,$c1949.
=300  \\$a337 p.$c24 cm.
=490  1\$aJohns Hopkins University studies in historical and political science,$vser. 66, no. 2
=500  \\$aThesis--Johns Hopkins University.
=500  \\$aWithout thesis statement.
=504  \\$aBibliographical foot-notes.
=651  \0$aFrance$xPolitics and government$xLouis XIV,$y1643-1715.
=830  \0$aJohns Hopkins University studies in historical and political science$vv. 66, no. 2.
=994  \\$aC0$bIWA
=999  \\$a1850682

