=LDR  01086cam  2200301I  4500
=001  001850703
=003  OCoLC
=005  20110217134600.0
=008  731017s1951\\\\mdu\\\\\\b\\\\000\0\eng\d
=035  9\$a1850703
=035  \\$a(OCoLC)719398
=040  \\$aYNG$cYNG$dOCL$dOCLCQ$dOCLCG$dGEBAY$dIWA
=043  \\$aa-tu---
=090  \\$aH31 J62s v.69 no.2
=100  10$aSherk, Robert K.$q(Robert Kenneth),$d1920-
=245  14$aThe legates of Galatia from Augustus to Diocletian.
=260  \\$aBaltimore,$bJohns Hopkins Press,$c1951
=300  \\$a116 p.$c24 cm.
=490  1\$aJohns Hopkins University studies in historical and political science,$vser. 69, no. 2
=500  \\$aThesis--Johns Hopkins University.
=500  \\$aWithout thesis statement.
=500  \\$aPages also numbered 202-306.
=504  \\$aBibliographical foot-notes."Bibliographical note": p. 113-114.
=651  \0$aGalatia (Turkey)$xPolitics and government.
=650  \0$aLegates (Rome)
=830  \0$aJohns Hopkins University studies in historical and political science$vv. 69, no. 2.
=994  \\$aC0$bIWA
=999  \\$a1850703

