=LDR  00981cam  22002891  4500
=001  001850742
=003  OCoLC
=005  20110217140800.0
=008  810622s1958\\\\mdu\\\\\\\\\\\000\0\eng\\
=010  \\$a58009280
=035  9\$a1850742
=035  \\$a(OCoLC)885476$z(OCoLC)11079910
=040  \\$aNLM$cNLM$dANC$dDLC$dNRC$dBTCTA$dCUS$dZWZ$dIWA
=043  \\$an-us---
=090  \\$aH31 J62s v.76 no.1
=100  10$aOkun, Bernard.
=245  10$aTrends in birth rates in the United States since 1870.
=260  \\$aBaltimore,$bJohns Hopkins Press,$c1958.
=300  \\$a203 p.$bdiagrs., tables$c23 cm.
=490  1\$aJohns Hopkins University studies in historical and political science,$vser. 76, no. 1
=500  \\$aThesis--Johns Hopkins University.
=504  \\$aBibliographical footnotes.
=651  \0$aUnited States$xPopulation
=830  \0$aJohns Hopkins University studies in historical and political science$vv. 76, no. 1.
=994  \\$aC0$bIWA
=999  \\$a1850742
=019  \\$a11079910

