=LDR  01129ctm  2200325Ka 4500
=001  001854518
=003  OCoLC
=005  20110318110500.0
=008  070126s2003\\\\mdua\\\\\bm\\\000\0\eng\d
=035  9\$a1854518
=035  \\$a(OCoLC)80199681
=040  \\$aUMC$cUMC$dUMC$dIWA
=049  \\$aIWAA
=090  \\$aLB1050.45 T33x 2011
=100  1\$aTaboada, Ana M.
=245  14$aThe association of student questioning with reading comprehension /$cby Ana M. Taboada.
=260  \\$c2003.
=300  \\$aviii, 277 leaves :$bill. ;$c28 cm.
=500  \\$aThesis research directed by Dept. of Human Development/Institute for Child Study.
=504  \\$aIncludes bibliographical references (leaves 269-277).
=502  \\$aThesis (Ph. D.)--University of Maryland, College Park, 2003.
=533  \\$aPhotocopy.$bCollege Park, Md. :$cUniversity of Maryland,$d[2011].
=650  \0$aCognitive Abilities Test$xStudents.
=650  \0$aReading comprehension
=650  \0$aChildren's questions and answers
=650  \0$aQuestioning
=650  \0$aEcology$xStudy and teaching (Elementary).
=949  \\$a1854518
=994  \\$aC0$bIWA
=999  \\$a1854518

