=LDR  00971cam  2200265Ia 4500
=001  001856418
=003  OCoLC
=005  20110406171300.0
=008  790119s1916\\\\iluab\\\\b\\\s001\0\eng\d
=035  9\$a1856418
=035  \\$a(OCoLC)4564411
=040  \\$aAKR$cAKR$dOCL$dAGL$dOCL$dOCLCQ$dDRB$dOCLCG$dKRTAS$dIWA
=043  \\$an-us-il
=090  \\$aH31 IL6s v.5 no.3
=100  1\$aStewart, Charles Leslie,$db. 1890.
=245  10$aLand tenure in the United States :$bwith special reference to Illinois /$cby Charles Leslie Stewart.
=260  \\$aUrbana :$bThe University of Illinois,$c[c1916]
=300  \\$a135 p. :$bill., maps ;$c25 cm.
=490  1\$a[University of Illinois studies in the social sciences.$vvol. 5, no. 3. Sept. 1916]
=500  \\$aThesis (PH. D)--University of Illinois, 1915.
=504  \\$aBibliography: p. 127-133.
=650  \0$aLand tenure$zIllinois.
=830  \0$aIllinois studies in the social sciences$vv. 5, no. 3.
=994  \\$aC0$bIWA
=999  \\$a1856418

