=LDR  01172cam  2200301I  4500
=001  001865859
=003  OCoLC
=005  20110822100713.0
=008  750908s1942\\\\ilu\\\\\\b\\\\000\0\eng\\
=010  \\$a43002851
=035  9\$a1865859
=035  \\$a(OCoLC)1609617
=040  \\$aDLC$cFNP$dOCL$dOCLCQ$dCLU$dDEBBG$dCUD$dIWA
=043  \\$an-us---
=090  \\$aHF5001 C432s v.12 no.4/5
=100  1\$aPayne, Wilson Frels,$d1904-
=245  10$aBusiness behavior, 1919-1922; an account of post-war inflation and depression, /$cby Wilson F. Payne.
=260  \\$a[Chicago, Ill., :$bUniversity of Chicago Press,$c1942].
=300  \\$axi, 215 p. :$bincl. tables, diagrs. ;$c24 cm.
=490  1\$aStudies in business administrartion,$vvol 12, nos. 4 and 5
=500  \\$aThesis (Ph. D.) University of Chicago, 1942.
=500  \\$a"Reprinted from Journal of business, vol. 15, nos. 3 and 4, July and October, 1942."
=504  \\$aBibliographical footnotes.
=651  \0$aUnited States$xEconomic conditions$y1918-1945
=650  \0$aIndustries$zUnited States
=830  \0$aStudies in business administration (University of Chicago)$vv. 12, no. 4/5.
=994  \\$aC0$bIWA
=999  \\$a1865859

