=LDR  00836cam  2200265I  4500
=001  001866004
=003  OCoLC
=005  20110823085110.0
=008  790719s1957\\\\sw\a\\\\\b\\\\000\0\eng\d
=035  9\$a1866004
=035  \\$a(OCoLC)5188622
=040  \\$aTXA$cTXA$dLVB$dCUY$dDEBBG$dIWA
=090  \\$aS7 Ac79s no.1
=100  00$aSørensen, Henning.
=245  10$aMicrobial decomposition of xylan.
=260  \\$aUppsala, :$bAlmqvist & Wiksells,$c1957.
=300  \\$a86 p. :$billus. ;$c25 cm.
=490  1\$aActa agriculturae Scandinavica. Supplementum$v1
=500  \\$aThesis - K. Veterinaer- og Landbohøkslole.
=504  \\$aBibliography: p. 78-82.
=650  \0$aXylan
=710  2\$aKongelige Veterinaer- og landbohøkslole (Denmark).
=830  \0$aActa agriculturæ Scandinavica.$pSupplementum$vno. 1.
=994  \\$aC0$bIWA
=999  \\$a1866004

