=LDR  01024cam  2200277I  4500
=001  001866582
=003  OCoLC
=005  20110824143459.0
=008  780131s1934\\\\miuab\\\\b\\\\000\0\eng\c
=010  \\$aagr35000110
=035  9\$a1866582
=035  \\$a(OCoLC)3591564
=040  \\$aU. S. Dept. of agr. Library$cDRB$dDRB$dOCL$dUIU$dIWA
=090  \\$aSD1 M58b no.5
=100  1\$aYeatter, Ralph Emerson,$d1896-
=245  14$aThe Hungarian partridge in the Great lakes region, /$cby Ralph E. Yeatter.
=260  \\$aAnn Arbor, :$bUniversity of Michigan press,$c1934.
=300  \\$a92 p. :$billus. (incl. maps) diagrs. ;$c23 cm.
=490  1\$aUniversity of Michigan. School of Forestry and Conservation.$vBulletin no. 5
=500  \\$aThesis (Ph. D.) University of Michigan, 1934.
=500  \\$aThesis note on label mounted on t.-p.
=504  \\$a"Literature cited" : p. 91-92.
=650  \0$aPartridges
=830  \0$aBulletin (University of Michigan. School of Forestry and Conservation)$vno. 5.
=994  \\$aC0$bIWA
=999  \\$a1866582

