=LDR  01242cam  2200349 a 4500
=001  001880821
=005  20111130160352.0
=008  110601s2011\\\\ne\a\\\\\b\\\\001\0\eng\\
=010  \\$a2011022401
=020  \\$a9789027256188 (hb : alk. paper)
=020  \\$a9027256187 (hb : alk. paper)
=020  \\$a9789027285034 (eb)
=020  \\$a9027285039 (eb)
=035  \\$a(OCoLC)729345031
=040  \\$aDLC$beng$cDLC$dBTCTA$dCDX$dOHX$dYDXCP$dCGU$dERASA$dUKMGB$dIWA
=042  \\$apcc
=043  \\$an-mx---
=049  \\$aIWAA
=050  00$aPC4831 F56 2011
=100  1\$aFlores Salgado, Elizabeth.
=245  14$aThe pragmatics of requests and apologies :$bdevelopmental patterns of Mexican students /$cElizabeth Flores Salgado.
=260  \\$aAmsterdam ;$aPhiladelphia :$bJohn Benjamins Pub. Co.,$cc2011.
=300  \\$ax, 263 p. :$bill. ;$c25 cm.
=490  1\$aPragmatics & beyond new series ;$v212
=500  \\$aThesis (Ph.D.)--Macquarie University, 2009.
=504  \\$aIncludes bibliographical references and index.
=650  \0$aSpanish language$xDialects$zMexico.
=650  \0$aSpanish language$xDiscourse analysis.
=650  \0$aDialogue analysis.
=830  \0$aPragmatics & beyond ;$vnew ser., 212.
=949  \\$a1880821
=994  \\$aC0$bIWA

