=LDR  01373cam  2200301Ia 4500
=001  001883525
=005  20111116145846.0
=008  110512s2011\\\\sw\a\\\\\m\\\\000\0\eng\d
=020  \\$a9789157675651
=020  \\$a9157675651
=035  \\$a(OCoLC)722913712
=040  \\$aAGL$cAGL$dMNU$dIWA
=049  \\$aIWAA
=090  \\$aSB732.6 J64x 2011
=100  1\$aJohnsson Holmberg, Anna-Ida.
=245  10$aTracking the fate of biocontrol microorganisms in the environment using intrinsic SCAR markers /$cAnna-Ida Johnsson Holmberg.
=260  \\$aUppsala :$bSwedish University of Agricultural Sciences,$c2011.
=300  \\$a61 p.; pp. 181-187; 17, 21, 22, [17] p. :$bill. (some col.) ;$c24 cm.
=490  1\$aActa Universitatis Agriculturae Sueciae,$x1652-6880 ;$vdoctoral thesis no. 2011:30
=502  \\$aThesis (doctoral)--Swedish University of Agricultural Sciences, 2011.
=500  \\$aThesis documentation sheet inserted.
=500  \\$aAppendix consists of reproductions of four papers and manuscripts, co-authored with others.
=530  \\$aAlso available electronially via World Wide Web in PDF format; online version lacks appendix of papers.
=504  \\$aIncludes bibliographical references.
=650  \0$aPhytopathogenic microorganisms$xBiological control.
=650  \0$aPlant diseases.
=830  \0$aActa Universitatis Agriculturae Sueciae ;$v2011-30.
=994  \\$aC0$bIWA

