=LDR  01465cam  2200421 a 4500
=001  001908694
=005  20120621140938.0
=008  120227s2012\\\\nyu\\\\\\b\\\\001\0\eng\\
=010  \\$a2012006680
=020  \\$a9780815632733 (cloth : alk. paper)
=020  \\$a0815632738 (cloth : alk. paper)
=035  \\$a(OCoLC)759173912
=040  \\$aDLC$beng$cDLC$dYDX$dBTCTA$dYDXCP
=042  \\$apcc
=049  \\$aIWAA$b32792022706927
=050  00$aPR313 .C63 2012
=082  00$a821/.109$223
=100  1\$aColey, David K.
=245  14$aThe wheel of language :$brepresenting speech in Middle English poetry, 1377-1422 /$cDavid K. Coley.
=250  \\$a1st ed.
=260  \\$aSyracuse, N.Y. :$bSyracuse University Press,$c2012.
=300  \\$ax, 258 p. ;$c24 cm.
=490  1\$aMedieval studies
=500  \\$aThesis (Ph.D)--University of Maryland, College Park, 2008.
=504  \\$aIncludes bibliographical references and index.
=650  \0$aEnglish poetry$yMiddle English, 1100-1500.
=650  \0$aEnglish language$yMiddle English, 1100-1500$xSpoken English.
=650  \0$aDiscourse analysis, Literary.
=650  \0$aOral interpretation of poetry.
=650  \0$aNarration (Rhetoric)$xHistory$yTo 1500.
=830  \0$aMedieval studies (Syracuse, N.Y.)
=994  \\$a92$bIWA
=938  \\$aBaker and Taylor$bBTCP$nBK0010273513
=938  \\$aYBP Library Services$bYANK$n7286411
=961  \\$a32792022706927
=962  \\$aENG
=910  \\$aPROMPTCAT
=980  \\$b0001

