=LDR  02601nam  2200373Ii 4500
=001  001915689
=005  20131219160620.0
=008  131219s2011\\\\no\a\\\\\bm2\\000\0\eng\d
=020  \\$a9788257510114
=020  \\$a8257510114
=035  \\$a(OCoLC)865583588
=040  \\$aIWA$beng$erda$cIWA
=041  0\$heng$bnor
=049  \\$aIWAA
=090  \\$aQR82 S78 M44x 2011
=100  1\$aMehmeti, Ibrahim,$eauthor.
=245  10$aRegulation of energy metabolism in Enterococcus faecalis studied by transcriptome, proteome and metabolome approaches =$bRegulering av energimetabolism i Enterococcus faecalis studert med transkriptom-, proteom- og metabolomanalyser /$cIbrahim Mehmeti, Department of Chemistry, Biotechnology and Food Science, Norwegian University of Life Sciences.
=246  31$aRegulering av energimetabolism i Enterococcus faecalis studert med transkriptom-, proteom- og metabolomanalyser
=260  \\$aÅs, Norway :$bNorwegian University of Life Sciences,$c2011.
=300  \\$a1 volume (various pagings) :$billustrations (some color) ;$c25 cm
=490  0\$aPhilosophiae Doctor (PhD) Thesis (Universitetet for miljø- og biovitenskap),$x1503-1667 ;$vThesis number 2011: 48
=500  \\$aThesis and papers in English. Contains Norwegian abstract.
=500  \\$aIncludes four papers related to the research in the thesis presented (pre-prints and post-prints).
=502  \\$aThesis (Ph. D.)--Norwegian University of Life Sciences, 2011.
=504  \\$aIncludes bibliographical references.
=505  0\$a1. Introduction. Lactic acid bacteria -- Energy metabolism in lactic acid bacteria and its regulation -- Fermentation processes, transcriptomics and proteomics analysis -- 2. Objective of the Thesis. -- 3. Main results and discussion. -- 4. Main conclusions and future work. -- 5. References. -- Paper I. Trascriptome, proteome and metabolite analysis of a lactate dehydrogenase negative mutant of Enterococcus faecalis -- Paper II. Growth rate dependent dontrol in Enterococcus faecalis: effects on the transcriptome, proteome and strong regulation of lactate dehydrogenase -- Paper III. Characterization of three lactic acid bacteria and their isogenic ldh deletion mutants shows optimization for YATP (cell mass produced per mole of ATP) at their physiological pHs -- Paper IV. Enterococcus faecalis grows on ascorbic acid.
=650  \0$aEnterococcus faecalis.
=650  \0$aCell metabolism.
=650  \0$aLactic acid bacteria.
=949  \\$a1915689
=994  \\$aC0$bIWA
=336  \\$atext$btxt$2rdacontent
=337  \\$aunmediated$bn$2rdamedia
=338  \\$avolume$bnc$2rdacarrier

