=LDR  01020nam  2200241Ia 4500
=001  001953057
=005  20131008084803.0
=008  131008r19281928iaud\\\\\b\\\s000\0\eng\d
=035  \\$a(OCoLC)859596905
=040  \\$aIWA$cIWA
=090  \\$aQR111 W153pr
=100  1\$aWalker, Rudger Harper,$d1902-
=245  10$aPhysiological studies on the nitrogen fixing bacteria of the genus Rhizobium /$cby Rudger H. Walker.
=260  \\$aAmes, Iowa :$bAgricultural Experiment Station, Iowa State College of Agriculture and Mechanic Arts,$c1928.
=300  \\$ap. [371]-406 :$bcharts ;$c22 cm.
=500  \\$aCover title.
=500  \\$a"Reprinted from Research bulletin no. 113 of the Iowa Agricultural Experimentation Station ... May, 1928."
=500  \\$aThesis (Ph.D.)--Iowa State College of Agriculture and Mechanic Arts, 1927. Doctoral thesis no. 74.
=504  \\$aIncludes bibliographical references (p. [403]-406).
=650  \0$aRhizobium.
=650  \0$aLegumes$xDiseases and pests.
=650  \0$aNitrifying bacteria.
=994  \\$aC0$bIWA

