=LDR  01014nam  2200241Ia 4500
=001  001953090
=005  20131008133915.0
=008  131008r19371937iaua\\\\\b\\\s000\0\eng\d
=035  \\$a(OCoLC)859616467
=040  \\$aIWA$cIWA$dIWA
=090  \\$aSB127 D728sr
=100  1\$aDorchester, Charles S.$q(Charles Sylvester),$d1889-
=245  14$aThe effect of electric current on certain crop plants /$cby Charles S. Dorchester.
=260  \\$aAmes, Iowa :$bAgricultural Experiment Station, Iowa State College of Agriculture and Mechanic Arts,$c1937.
=300  \\$a37 p. :$bill. ;$c23 cm.
=500  \\$aCover title.
=500  \\$a"Reprinted from Iowa Agricultural Experiment Station Research bulletin no. 210, March, 1937."
=500  \\$aThesis (Ph.D.)--Iowa State College of Agriculture and Mechanic Arts, 1935. Doctoral thesis no. 323.
=504  \\$aIncludes bibliographical references (p. 35-37).
=650  \0$aPlants$xEffect of electricity on.
=650  \0$aGrowth (Plants)
=650  \0$aElectrohorticulture.
=994  \\$aC0$bIWA

